01REMESSA01COBRANCA       111100222222        Nome Fantasia da sua empresa  341BANCO ITAU SA  261116                                                                                                                                                                                                                                                                                                      000001
10200000000000111111100222222    00001234567                  012345670000000000000109                     I011234567   08061400000000100393410000008N0106142 0 00000000000100106140000000001000000000000000000000000000000100011111111111NOME DO CLIENTE                         LOGRADOURO DO CLIENTE                   BAIRRO DO CL11111222CIDADE DO CLIENSPNOME FANTASIA DA SUA EMPRESA      09061410 000002
9                                                                                                                                                                                                                                                                                                                                                                                                         000003
