10400000         2116559540001590000000000000000000001298027300700000000FEDERAL SISTEMAS              CAIXA ECONOMICA FEDERAL                 13105201721350300000205000000                    REMESSA-PRODUCAO                                 
10400011R0200030 20116559540001592730070000000000000001298027300700000000FEDERAL SISTEMAS                                                                                              000000023105201700000000                                 
1040001300001P 0101298027300700000000000241400000000002191222221             0506201700000000000050000000099N2905201710606201700000000000010000000000000000000000090000000000000000000000000000000021                       3000000090000000000 
1040001300002Q 011000004317159120LOURIVAL MARQUES SOUSA JUNIOR           RUA PIAUI                               JARDIM AURENY I77060110PALMAS         TO2011655954000159FEDERAL SISTEMAS                                                       
1040001300003R 01000000000000000000000000000000000000000000000000105062017000000000000010                                                                                                                                                       
10400015         000005000001000000000000005000000000000000000000000000000000000000000000000                                                                                                                                                    
10499999         000001000007                                                                                                                                                                                                                   
