10400000         2116559540001590000000000000000000001298027300700000000FEDERAL SISTEMAS              CAIXA ECONOMICA FEDERAL                 11007201703213100000805000000                    REMESSA-PRODUCAO                                 
10400011R0200030 20116559540001592730070000000000000001298027300700000000FEDERAL SISTEMAS                                                                                              000000081007201700000000                                 
1040001300001P 010129802730070000000000024140000000090153122229015           0511201600000000002500000000099N100720171061120160000000000050000000000000000000000009000000000000000000000000000000009015                     3000000090000000000 
1040001300002Q 011000035824468168LOURIVAL MARQUES DE SOUZA               RUA PIAUI QD SW04 LOTE 17               AURENY I       77060110PALMAS         TO2011655954000159FEDERAL SISTEMAS                                                       
1040001300003R 01000000000000000000000000000000000000000000000000105112016000000000000500                                                                                                                                                       
1040001300004P 0101298027300700000000000241400000001637971222216379          3105201700000000001000000000099N1007201710106201700000000000200000000000000000000000090000000000000000000000000000000016379                    3000000090000000000 
1040001300005Q 011000035824468168LOURIVAL MARQUES DE SOUZA               RUA PIAUI QD SW04 LOTE 17               AURENY I       77060110PALMAS         TO2011655954000159FEDERAL SISTEMAS                                                       
1040001300006R 01000000000000000000000000000000000000000000000000131052017000000000000200                                                                                                                                                       
10400015         000008000002000000000000350000000000000000000000000000000000000000000000000                                                                                                                                                    
10499999         000001000010                                                                                                                                                                                                                   
