10400000         2116559540001590000000000000000000001298027300700000000FEDERAL SISTEMAS              CAIXA ECONOMICA FEDERAL                 13105201721202500001405000000                    REMESSA-PRODUCAO                                 
10400011R0200030 20116559540001592730070000000000000001298027300700000000FEDERAL SISTEMAS                                                                                              000000143105201700000000                                 
1040001300001P 010129802730070000000000024140000000000022122222              0506201700000000000050000000099N290520171060620170000000000001000000000000000000000009000000000000000000000000000000002                        3000000090000000000 
1040001300002Q 011000004317159120LOURIVAL MARQUES SOUSA JUNIOR           RUA PIAUI                               JARDIM AURENY I77060110PALMAS         TO2011655954000159FEDERAL SISTEMAS                                                       
1040001300003R 01000000000000000000000000000000000000000000000000105062017000000000000010                                                                                                                                                       
1040001300004P 010129802730070000000000024140000000000030122223              0506201700000000000050000000099N290520171060620170000000000001000000000000000000000009000000000000000000000000000000003                        3000000090000000000 
1040001300005Q 011000004317159120LOURIVAL MARQUES SOUSA JUNIOR           RUA PIAUI                               JARDIM AURENY I77060110PALMAS         TO2011655954000159FEDERAL SISTEMAS                                                       
1040001300006R 01000000000000000000000000000000000000000000000000105062017000000000000010                                                                                                                                                       
1040001300007P 010129802730070000000000024140000000000049122224              0506201700000000000050000000099N290520171060620170000000000001000000000000000000000009000000000000000000000000000000004                        3000000090000000000 
1040001300008Q 011000004317159120LOURIVAL MARQUES SOUSA JUNIOR           RUA PIAUI                               JARDIM AURENY I77060110PALMAS         TO2011655954000159FEDERAL SISTEMAS                                                       
1040001300009R 01000000000000000000000000000000000000000000000000105062017000000000000010                                                                                                                                                       
1040001300010P 010129802730070000000000024140000000000057122225              0506201700000000000050000000099N290520171060620170000000000001000000000000000000000009000000000000000000000000000000005                        3000000090000000000 
1040001300011Q 011000004317159120LOURIVAL MARQUES SOUSA JUNIOR           RUA PIAUI                               JARDIM AURENY I77060110PALMAS         TO2011655954000159FEDERAL SISTEMAS                                                       
1040001300012R 01000000000000000000000000000000000000000000000000105062017000000000000010                                                                                                                                                       
1040001300013P 010129802730070000000000024140000000000065122226              0506201700000000000050000000099N290520171060620170000000000001000000000000000000000009000000000000000000000000000000006                        3000000090000000000 
1040001300014Q 011000004317159120LOURIVAL MARQUES SOUSA JUNIOR           RUA PIAUI                               JARDIM AURENY I77060110PALMAS         TO2011655954000159FEDERAL SISTEMAS                                                       
1040001300015R 01000000000000000000000000000000000000000000000000105062017000000000000010                                                                                                                                                       
1040001300016P 010129802730070000000000024140000000000073122227              0506201700000000000050000000099N290520171060620170000000000001000000000000000000000009000000000000000000000000000000007                        3000000090000000000 
1040001300017Q 011000004317159120LOURIVAL MARQUES SOUSA JUNIOR           RUA PIAUI                               JARDIM AURENY I77060110PALMAS         TO2011655954000159FEDERAL SISTEMAS                                                       
1040001300018R 01000000000000000000000000000000000000000000000000105062017000000000000010                                                                                                                                                       
1040001300019P 010129802730070000000000024140000000000081122228              0506201700000000000050000000099N290520171060620170000000000001000000000000000000000009000000000000000000000000000000008                        3000000090000000000 
1040001300020Q 011000004317159120LOURIVAL MARQUES SOUSA JUNIOR           RUA PIAUI                               JARDIM AURENY I77060110PALMAS         TO2011655954000159FEDERAL SISTEMAS                                                       
1040001300021R 01000000000000000000000000000000000000000000000000105062017000000000000010                                                                                                                                                       
1040001300022P 010129802730070000000000024140000000000090122229              0506201700000000000050000000099N290520171060620170000000000001000000000000000000000009000000000000000000000000000000009                        3000000090000000000 
1040001300023Q 011000004317159120LOURIVAL MARQUES SOUSA JUNIOR           RUA PIAUI                               JARDIM AURENY I77060110PALMAS         TO2011655954000159FEDERAL SISTEMAS                                                       
1040001300024R 01000000000000000000000000000000000000000000000000105062017000000000000010                                                                                                                                                       
1040001300025P 0101298027300700000000000241400000000001031222210             0506201700000000000050000000099N2905201710606201700000000000010000000000000000000000090000000000000000000000000000000010                       3000000090000000000 
1040001300026Q 011000004317159120LOURIVAL MARQUES SOUSA JUNIOR           RUA PIAUI                               JARDIM AURENY I77060110PALMAS         TO2011655954000159FEDERAL SISTEMAS                                                       
1040001300027R 01000000000000000000000000000000000000000000000000105062017000000000000010                                                                                                                                                       
1040001300028P 0101298027300700000000000241400000000001111222211             0506201700000000000050000000099N2905201710606201700000000000010000000000000000000000090000000000000000000000000000000011                       3000000090000000000 
1040001300029Q 011000004317159120LOURIVAL MARQUES SOUSA JUNIOR           RUA PIAUI                               JARDIM AURENY I77060110PALMAS         TO2011655954000159FEDERAL SISTEMAS                                                       
1040001300030R 01000000000000000000000000000000000000000000000000105062017000000000000010                                                                                                                                                       
1040001300031P 0101298027300700000000000241400000000001201222212             0506201700000000000050000000099N2905201710606201700000000000010000000000000000000000090000000000000000000000000000000012                       3000000090000000000 
1040001300032Q 011000004317159120LOURIVAL MARQUES SOUSA JUNIOR           RUA PIAUI                               JARDIM AURENY I77060110PALMAS         TO2011655954000159FEDERAL SISTEMAS                                                       
1040001300033R 01000000000000000000000000000000000000000000000000105062017000000000000010                                                                                                                                                       
1040001300034P 0101298027300700000000000241400000000001381222213             0506201700000000000050000000099N2905201710606201700000000000010000000000000000000000090000000000000000000000000000000013                       3000000090000000000 
1040001300035Q 011000004317159120LOURIVAL MARQUES SOUSA JUNIOR           RUA PIAUI                               JARDIM AURENY I77060110PALMAS         TO2011655954000159FEDERAL SISTEMAS                                                       
1040001300036R 01000000000000000000000000000000000000000000000000105062017000000000000010                                                                                                                                                       
1040001300037P 0101298027300700000000000241400000000001461222214             0506201700000000000050000000099N2905201710606201700000000000010000000000000000000000090000000000000000000000000000000014                       3000000090000000000 
1040001300038Q 011000004317159120LOURIVAL MARQUES SOUSA JUNIOR           RUA PIAUI                               JARDIM AURENY I77060110PALMAS         TO2011655954000159FEDERAL SISTEMAS                                                       
1040001300039R 01000000000000000000000000000000000000000000000000105062017000000000000010                                                                                                                                                       
1040001300040P 0101298027300700000000000241400000000001541222215             0506201700000000000050000000099N2905201710606201700000000000010000000000000000000000090000000000000000000000000000000015                       3000000090000000000 
1040001300041Q 011000004317159120LOURIVAL MARQUES SOUSA JUNIOR           RUA PIAUI                               JARDIM AURENY I77060110PALMAS         TO2011655954000159FEDERAL SISTEMAS                                                       
1040001300042R 01000000000000000000000000000000000000000000000000105062017000000000000010                                                                                                                                                       
1040001300043P 0101298027300700000000000241400000000001621222216             0506201700000000000050000000099N2905201710606201700000000000010000000000000000000000090000000000000000000000000000000016                       3000000090000000000 
1040001300044Q 011000004317159120LOURIVAL MARQUES SOUSA JUNIOR           RUA PIAUI                               JARDIM AURENY I77060110PALMAS         TO2011655954000159FEDERAL SISTEMAS                                                       
1040001300045R 01000000000000000000000000000000000000000000000000105062017000000000000010                                                                                                                                                       
1040001300046P 0101298027300700000000000241400000000001701222217             0506201700000000000050000000099N2905201710606201700000000000010000000000000000000000090000000000000000000000000000000017                       3000000090000000000 
1040001300047Q 011000004317159120LOURIVAL MARQUES SOUSA JUNIOR           RUA PIAUI                               JARDIM AURENY I77060110PALMAS         TO2011655954000159FEDERAL SISTEMAS                                                       
1040001300048R 01000000000000000000000000000000000000000000000000105062017000000000000010                                                                                                                                                       
1040001300049P 0101298027300700000000000241400000000001891222218             0506201700000000000050000000099N2905201710606201700000000000010000000000000000000000090000000000000000000000000000000018                       3000000090000000000 
1040001300050Q 011000004317159120LOURIVAL MARQUES SOUSA JUNIOR           RUA PIAUI                               JARDIM AURENY I77060110PALMAS         TO2011655954000159FEDERAL SISTEMAS                                                       
1040001300051R 01000000000000000000000000000000000000000000000000105062017000000000000010                                                                                                                                                       
1040001300052P 0101298027300700000000000241400000000001971222219             0506201700000000000050000000099N2905201710606201700000000000010000000000000000000000090000000000000000000000000000000019                       3000000090000000000 
1040001300053Q 011000004317159120LOURIVAL MARQUES SOUSA JUNIOR           RUA PIAUI                               JARDIM AURENY I77060110PALMAS         TO2011655954000159FEDERAL SISTEMAS                                                       
1040001300054R 01000000000000000000000000000000000000000000000000105062017000000000000010                                                                                                                                                       
1040001300055P 0101298027300700000000000241400000000002001222220             0506201700000000000050000000099N2905201710606201700000000000010000000000000000000000090000000000000000000000000000000020                       3000000090000000000 
1040001300056Q 011000004317159120LOURIVAL MARQUES SOUSA JUNIOR           RUA PIAUI                               JARDIM AURENY I77060110PALMAS         TO2011655954000159FEDERAL SISTEMAS                                                       
1040001300057R 01000000000000000000000000000000000000000000000000105062017000000000000010                                                                                                                                                       
1040001300058P 0101298027300700000000000241400000000002191222221             0506201700000000000050000000099N2905201710606201700000000000010000000000000000000000090000000000000000000000000000000021                       3000000090000000000 
1040001300059Q 011000004317159120LOURIVAL MARQUES SOUSA JUNIOR           RUA PIAUI                               JARDIM AURENY I77060110PALMAS         TO2011655954000159FEDERAL SISTEMAS                                                       
1040001300060R 01000000000000000000000000000000000000000000000000105062017000000000000010                                                                                                                                                       
10400015         000062000020000000000000100000000000000000000000000000000000000000000000000                                                                                                                                                    
10499999         000001000064                                                                                                                                                                                                                   
