10400000         2030283320001720000000000000000000001111177572500000000CDL BATURITE                  CAIXA ECONOMICA FEDERAL                 11402201717260500005805000000                    REMESSA-PRODUCAO                                 
10400011R0200030 20030283320001727757250000000000000001111177572500000000CDL BATURITE                                                                                                  000000581402201700000000                                 
1040001300001P 010111117757250000000000001000000000000012122221              1102201700000000001650000000099N110120171120220170000000000033000000000000000000000009000000000000000000000000000000001                        3000000090000000000 
1040001300002Q 011000004317159120MARQUES JUNIOR                          RUA PIAUI                               AURENY I       77060110444            272003028332000172CDL BATURITE                                                           
1040001300003R 01000000000000000000000000000000000000000000000000111022017000000000000330                                                                                                                                                       
1040001300004P 010111117757250000000000001000000000000020122222              1103201700000000001900000000099N110120171120320170000000000038000000000000000000000009000000000000000000000000000000002                        3000000090000000000 
1040001300005Q 011000004317159120MARQUES JUNIOR                          RUA PIAUI                               AURENY I       77060110444            272003028332000172CDL BATURITE                                                           
1040001300006R 01000000000000000000000000000000000000000000000000111032017000000000000380                                                                                                                                                       
10400015         000008000002000000000000355000000000000000000000000000000000000000000000000                                                                                                                                                    
10499999         000001000010                                                                                                                                                                                                                   
