10400000         2030283320001720000000000000000000001111177572500000000CDL BATURITE                  CAIXA ECONOMICA FEDERAL                 11402201717552000005905000000                    REMESSA-PRODUCAO                                 
10400011R0200030 20030283320001727757250000000000000001111177572500000000CDL BATURITE                                                                                                  000000591402201700000000                                 
1040001300001P 010111117757250000000000001000000000000039122223              2002201700000000000020000000099N140220171210220170000000000000400000000000000000000009000000000000000000000000000000003                        3000000090000000000 
1040001300002Q 011000004317159120MARQUES JUNIOR                          RUA PIAUI                               AURENY I       77060110444            272003028332000172CDL BATURITE                                                           
1040001300003R 01000000000000000000000000000000000000000000000000120022017000000000000004                                                                                                                                                       
10400015         000005000001000000000000002000000000000000000000000000000000000000000000000                                                                                                                                                    
10499999         000001000007                                                                                                                                                                                                                   
