10400000         2116559540001590000000000000000000001298027300700000000FEDERAL SISTEMAS              CAIXA ECONOMICA FEDERAL                 12003201809471600004205000000                    REMESSA-PRODUCAO                                 
10400011R0100030 20116559540001592730070000000000000001298027300700000000FEDERAL SISTEMAS                                                                                              000000422003201800000000                                 
1040001300001P 0601298027300700000000000140000000000276751122027675          2003201800000000000150000000099N1403201822003201800000000000060000000000000000000000000000000000000000000000000000000027675                    3001090090000000000 
1040001300002Q 061000004317159120LOURIVAL MARQUES SOUSA JUNIOR           RUA PIAUI QD SW04                       AURENY I       77060110PALMAS         TO0000000000000000                                                                       
1040001300003R 06000000000000000000000000000000000000000000000000220032018000000000000200                                                                                                                                                       
10400015         000005000001000000000000015000000000000000000000000000000000000000000000000                                                                                                                                                    
10499999         000001000007                                                                                                                                                                                                                   