10400000         2116559540001590000000000000000000001298027300700000000FEDERAL SISTEMAS              CAIXA ECONOMICA FEDERAL                 10506201820314500012905000000                    REMESSA-PRODUCAO                                 
10400011R0100030 20116559540001592730070000000000000001298027300700000000FEDERAL SISTEMAS                                                                                              000001290506201800000000                                 
1040001300001P 0101298027300700000000000140000000000315331122031533          1506201800000000076018600000099N0406201821506201800000000000060000000000000000000000000000000000000000000000000000000031533                    3001029090000000000 
1040001300002Q 012004094192000101AGRO-RUBI AGROPECUARIA LTDA             ROD GO 434 KM 23 5                      ZONA RURAL     76350000ABADIA DE GOIASGO0000000000000000                                                                       
1040001300003R 01000000000000000000000000000000000000000000000000215062018000000000000200                                                                                                                                                       
1040001300004P 0101298027300700000000000140000000000315341122031534          1505201800000000104997200000099N0406201821505201800000000000060000000000000000000000000000000000000000000000000000000031534                    3001029090000000000 
1040001300005Q 011000001522833404PAULO FERNANDO CAVALCANTE DE MORAIS E OUFAZ BOA ESPERANCA KM5 QD 0 LT 0 N 05    ZONA RURAL     76343000               GO0000000000000000                                                                       
1040001300006R 01000000000000000000000000000000000000000000000000215052018000000000000200                                                                                                                                                       
1040001300007P 0101298027300700000000000140000000000315361122031536          1506201800000000007516600000099N0406201821506201800000000000060000000000000000000000000000000000000000000000000000000031536                    3001029090000000000 
1040001300008Q 012003937452000192CRV INDUSTRIAL                          FAZENDA BOA VISTA KM 25                 ZONA SUBURBAN  76340000ABADIA DE GOIASGO0000000000000000                                                                       
1040001300009R 01000000000000000000000000000000000000000000000000215062018000000000000200                                                                                                                                                       
1040001300010P 0101298027300700000000000140000000000315381122031538          2706201800000000040120000000099N0406201822706201800000000000060000000000000000000000000000000000000000000000000000000031538                    3001029090000000000 
1040001300011Q 012002199795000134EDMAR VILELA                            AVENIDA INDUSTRIAL N 221                CENTRO         76300000CERES          GO0000000000000000                                                                       
1040001300012R 01000000000000000000000000000000000000000000000000227062018000000000000200                                                                                                                                                       
1040001300013P 0101298027300700000000000140000000000315401122031540          1506201800000000002000000000099N0406201821506201800000000000060000000000000000000000000000000000000000000000000000000031540                    3001029090000000000 
1040001300014Q 012010807374000177BOA SAFRA SEMENTES LTDA                 AV CIRCULAR N 211A                      FORMOSINHA     73813170               GO0000000000000000                                                                       
1040001300015R 01000000000000000000000000000000000000000000000000215062018000000000000200                                                                                                                                                       
1040001300016P 0101298027300700000000000140000000000315411122031541          1506201800000000005000000000099N0406201821506201800000000000060000000000000000000000000000000000000000000000000000000031541                    3001029090000000000 
1040001300017Q 012010760310000168NOBRE ALIMENTOS LTDA                    VIA SECUNDARIA 02 QD 06 LT 3 12127      DAIF           73813000ABADIA DE GOIASGO0000000000000000                                                                       
1040001300018R 01000000000000000000000000000000000000000000000000215062018000000000000200                                                                                                                                                       
10400015         000020000006000000000023565240000000000000000000000000000000000000000000000                                                                                                                                                    
10499999         000001000022                                                                                                                                                                                                                   