10400000         2116559540001590000000000000000000001298027300700000000FEDERAL SISTEMAS              CAIXA ECONOMICA FEDERAL                 11406201815354200013105000000                    REMESSA-PRODUCAO                                 
10400011R0100030 20116559540001592730070000000000000001298027300700000000FEDERAL SISTEMAS                                                                                              000001311406201800000000                                 
1040001300001P 0101298027300700000000000140000000000218291122021829          2006201800000000010620000000099N1711201722006201800000000000060000000000000000000000000000000000000000000000000000000021829                    3001029090000000000 
1040001300002Q 012008985936000120RODRIGO DE OLIVEIRA SOUZA               AV BANDEIRANTES                         CENTRO         76170000ANICUNS        GO0000000000000000                                                                       
1040001300003R 01000000000000000000000000000000000000000000000000220062018000000000000200                                                                                                                                                       
1040001300004P 0101298027300700000000000140000000000218301122021830          2007201800000000010620000000099N1711201722007201800000000000060000000000000000000000000000000000000000000000000000000021830                    3001029090000000000 
1040001300005Q 012008985936000120RODRIGO DE OLIVEIRA SOUZA               AV BANDEIRANTES                         CENTRO         76170000ANICUNS        GO0000000000000000                                                                       
1040001300006R 01000000000000000000000000000000000000000000000000220072018000000000000200                                                                                                                                                       
1040001300007P 0101298027300700000000000140000000000218311122021831          2008201800000000010620000000099N1711201722008201800000000000060000000000000000000000000000000000000000000000000000000021831                    3001029090000000000 
1040001300008Q 012008985936000120RODRIGO DE OLIVEIRA SOUZA               AV BANDEIRANTES                         CENTRO         76170000ANICUNS        GO0000000000000000                                                                       
1040001300009R 01000000000000000000000000000000000000000000000000220082018000000000000200                                                                                                                                                       
1040001300010P 0101298027300700000000000140000000000218321122021832          2009201800000000010620000000099N1711201722009201800000000000060000000000000000000000000000000000000000000000000000000021832                    3001029090000000000 
1040001300011Q 012008985936000120RODRIGO DE OLIVEIRA SOUZA               AV BANDEIRANTES                         CENTRO         76170000ANICUNS        GO0000000000000000                                                                       
1040001300012R 01000000000000000000000000000000000000000000000000220092018000000000000200                                                                                                                                                       
1040001300013P 0101298027300700000000000140000000000218331122021833          2010201800000000010620000000099N1711201722010201800000000000060000000000000000000000000000000000000000000000000000000021833                    3001029090000000000 
1040001300014Q 012008985936000120RODRIGO DE OLIVEIRA SOUZA               AV BANDEIRANTES                         CENTRO         76170000ANICUNS        GO0000000000000000                                                                       
1040001300015R 01000000000000000000000000000000000000000000000000220102018000000000000200                                                                                                                                                       
1040001300016P 0101298027300700000000000140000000000218341122021834          2011201800000000010620000000099N1711201722011201800000000000060000000000000000000000000000000000000000000000000000000021834                    3001029090000000000 
1040001300017Q 012008985936000120RODRIGO DE OLIVEIRA SOUZA               AV BANDEIRANTES                         CENTRO         76170000ANICUNS        GO0000000000000000                                                                       
1040001300018R 01000000000000000000000000000000000000000000000000220112018000000000000200                                                                                                                                                       
1040001300019P 0101298027300700000000000140000000000218351122021835          2012201800000000010620000000099N1711201722012201800000000000060000000000000000000000000000000000000000000000000000000021835                    3001029090000000000 
1040001300020Q 012008985936000120RODRIGO DE OLIVEIRA SOUZA               AV BANDEIRANTES                         CENTRO         76170000ANICUNS        GO0000000000000000                                                                       
1040001300021R 01000000000000000000000000000000000000000000000000220122018000000000000200                                                                                                                                                       
10400015         000023000007000000000007434000000000000000000000000000000000000000000000000                                                                                                                                                    
10499999         000001000025                                                                                                                                                                                                                   