10400000         2116559540001590000000000000000000001298027300700000000FEDERAL SISTEMAS              CAIXA ECONOMICA FEDERAL                 12203201817450300004705000000                    REMESSA-PRODUCAO                                 
10400011R0100030 20116559540001592730070000000000000001298027300700000000FEDERAL SISTEMAS                                                                                              000000472203201800000000                                 
1040001300001P 0101298027300700000000000140000000000280181122028018          2403201800000000004580000000099N2203201822403201800000000000060000000000000000000000000000000000000000000000000000000028018                    3001090090000000000 
1040001300002Q 011000017809193791LOURIVAL JOSE MARTINS LIMA              RUA CAPITAO BARBOSA                     PRAIA DA BANDEI21921525RIO DE JANEIRO RJ0000000000000000                                                                       
1040001300003R 01000000000000000000000000000000000000000000000000224032018000000000000200                                                                                                                                                       
10400015         000005000001000000000000458000000000000000000000000000000000000000000000000                                                                                                                                                    
10499999         000001000007                                                                                                                                                                                                                   