10400000         2116559540001590000000000000000000001298027300700000000FEDERAL SISTEMAS              CAIXA ECONOMICA FEDERAL                 12205201814294600010105000000                    REMESSA-PRODUCAO                                 
10400011R0100030 20116559540001592730070000000000000001298027300700000000FEDERAL SISTEMAS                                                                                              000001012205201800000000                                 
1040001300001P 0101298027300700000000000140000000000310981122031098          2005201800000000017500000000099N1005201822005201800000000000060000000000000000000000000000000000000000000000000000000031098                    3001029090000000000 
1040001300002Q 012009061846000106FENO SERVICOS AGRICOLAS LTDA - ME       CH REGINA CXP 1013                      COLONIA CASTROL84196200CASTRO         PR0000000000000000                                                                       
1040001300003R 01000000000000000000000000000000000000000000000000220052018000000000000200                                                                                                                                                       
1040001300004P 0101298027300700000000000140000000000310991122031099          2505201800000000004130000000099N1005201822505201800000000000060000000000000000000000000000000000000000000000000000000031099                    3001029090000000000 
1040001300005Q 012009061846000106FENO SERVICOS AGRICOLAS LTDA - ME       CH REGINA CXP 1013                      COLONIA CASTROL84196200CASTRO         PR0000000000000000                                                                       
1040001300006R 01000000000000000000000000000000000000000000000000225052018000000000000200                                                                                                                                                       
1040001300007P 0101298027300700000000000140000000000311001122031100          2506201800000000004130000000099N1005201822506201800000000000060000000000000000000000000000000000000000000000000000000031100                    3001029090000000000 
1040001300008Q 012009061846000106FENO SERVICOS AGRICOLAS LTDA - ME       CH REGINA CXP 1013                      COLONIA CASTROL84196200CASTRO         PR0000000000000000                                                                       
1040001300009R 01000000000000000000000000000000000000000000000000225062018000000000000200                                                                                                                                                       
1040001300010P 0101298027300700000000000140000000000311011122031101          2507201800000000004130000000099N1005201822507201800000000000060000000000000000000000000000000000000000000000000000000031101                    3001029090000000000 
1040001300011Q 012009061846000106FENO SERVICOS AGRICOLAS LTDA - ME       CH REGINA CXP 1013                      COLONIA CASTROL84196200CASTRO         PR0000000000000000                                                                       
1040001300012R 01000000000000000000000000000000000000000000000000225072018000000000000200                                                                                                                                                       
1040001300013P 0101298027300700000000000140000000000311021122031102          2508201800000000004130000000099N1005201822508201800000000000060000000000000000000000000000000000000000000000000000000031102                    3001029090000000000 
1040001300014Q 012009061846000106FENO SERVICOS AGRICOLAS LTDA - ME       CH REGINA CXP 1013                      COLONIA CASTROL84196200CASTRO         PR0000000000000000                                                                       
1040001300015R 01000000000000000000000000000000000000000000000000225082018000000000000200                                                                                                                                                       
1040001300016P 0101298027300700000000000140000000000311031122031103          2509201800000000004130000000099N1005201822509201800000000000060000000000000000000000000000000000000000000000000000000031103                    3001029090000000000 
1040001300017Q 012009061846000106FENO SERVICOS AGRICOLAS LTDA - ME       CH REGINA CXP 1013                      COLONIA CASTROL84196200CASTRO         PR0000000000000000                                                                       
1040001300018R 01000000000000000000000000000000000000000000000000225092018000000000000200                                                                                                                                                       
1040001300019P 0101298027300700000000000140000000000311041122031104          2510201800000000004130000000099N1005201822510201800000000000060000000000000000000000000000000000000000000000000000000031104                    3001029090000000000 
1040001300020Q 012009061846000106FENO SERVICOS AGRICOLAS LTDA - ME       CH REGINA CXP 1013                      COLONIA CASTROL84196200CASTRO         PR0000000000000000                                                                       
1040001300021R 01000000000000000000000000000000000000000000000000225102018000000000000200                                                                                                                                                       
1040001300022P 0101298027300700000000000140000000000311051122031105          2511201800000000004130000000099N1005201822511201800000000000060000000000000000000000000000000000000000000000000000000031105                    3001029090000000000 
1040001300023Q 012009061846000106FENO SERVICOS AGRICOLAS LTDA - ME       CH REGINA CXP 1013                      COLONIA CASTROL84196200CASTRO         PR0000000000000000                                                                       
1040001300024R 01000000000000000000000000000000000000000000000000225112018000000000000200                                                                                                                                                       
1040001300025P 0101298027300700000000000140000000000311061122031106          2512201800000000004130000000099N1005201822512201800000000000060000000000000000000000000000000000000000000000000000000031106                    3001029090000000000 
1040001300026Q 012009061846000106FENO SERVICOS AGRICOLAS LTDA - ME       CH REGINA CXP 1013                      COLONIA CASTROL84196200CASTRO         PR0000000000000000                                                                       
1040001300027R 01000000000000000000000000000000000000000000000000225122018000000000000200                                                                                                                                                       
1040001300028P 0101298027300700000000000140000000000311071122031107          2501201900000000004130000000099N1005201822501201900000000000060000000000000000000000000000000000000000000000000000000031107                    3001029090000000000 
1040001300029Q 012009061846000106FENO SERVICOS AGRICOLAS LTDA - ME       CH REGINA CXP 1013                      COLONIA CASTROL84196200CASTRO         PR0000000000000000                                                                       
1040001300030R 01000000000000000000000000000000000000000000000000225012019000000000000200                                                                                                                                                       
1040001300031P 0101298027300700000000000140000000000311081122031108          2502201900000000004130000000099N1005201822502201900000000000060000000000000000000000000000000000000000000000000000000031108                    3001029090000000000 
1040001300032Q 012009061846000106FENO SERVICOS AGRICOLAS LTDA - ME       CH REGINA CXP 1013                      COLONIA CASTROL84196200CASTRO         PR0000000000000000                                                                       
1040001300033R 01000000000000000000000000000000000000000000000000225022019000000000000200                                                                                                                                                       
1040001300034P 0101298027300700000000000140000000000311091122031109          2503201900000000004130000000099N1005201822503201900000000000060000000000000000000000000000000000000000000000000000000031109                    3001029090000000000 
1040001300035Q 012009061846000106FENO SERVICOS AGRICOLAS LTDA - ME       CH REGINA CXP 1013                      COLONIA CASTROL84196200CASTRO         PR0000000000000000                                                                       
1040001300036R 01000000000000000000000000000000000000000000000000225032019000000000000200                                                                                                                                                       
1040001300037P 0101298027300700000000000140000000000311101122031110          2504201900000000004130000000099N1005201822504201900000000000060000000000000000000000000000000000000000000000000000000031110                    3001029090000000000 
1040001300038Q 012009061846000106FENO SERVICOS AGRICOLAS LTDA - ME       CH REGINA CXP 1013                      COLONIA CASTROL84196200CASTRO         PR0000000000000000                                                                       
1040001300039R 01000000000000000000000000000000000000000000000000225042019000000000000200                                                                                                                                                       
1040001300040P 0101298027300700000000000140000000000311111122031111          2005201800000000002500000000099N1005201822005201800000000000060000000000000000000000000000000000000000000000000000000031111                    3001029090000000000 
1040001300041Q 012023270101000188TRANSMESSIAS LOCACOES E SERV LTDA - ME  RUA UBERABA                             BATISTA        75123510ANAPOLIS       GO0000000000000000                                                                       
1040001300042R 01000000000000000000000000000000000000000000000000220052018000000000000200                                                                                                                                                       
1040001300043P 0101298027300700000000000140000000000311121122031112          2006201800000000000590000000099N1005201822006201800000000000060000000000000000000000000000000000000000000000000000000031112                    3001029090000000000 
1040001300044Q 012023270101000188TRANSMESSIAS LOCACOES E SERV LTDA - ME  RUA UBERABA                             BATISTA        75123510ANAPOLIS       GO0000000000000000                                                                       
1040001300045R 01000000000000000000000000000000000000000000000000220062018000000000000200                                                                                                                                                       
1040001300046P 0101298027300700000000000140000000000311131122031113          2007201800000000000590000000099N1005201822007201800000000000060000000000000000000000000000000000000000000000000000000031113                    3001029090000000000 
1040001300047Q 012023270101000188TRANSMESSIAS LOCACOES E SERV LTDA - ME  RUA UBERABA                             BATISTA        75123510ANAPOLIS       GO0000000000000000                                                                       
1040001300048R 01000000000000000000000000000000000000000000000000220072018000000000000200                                                                                                                                                       
1040001300049P 0101298027300700000000000140000000000311141122031114          2008201800000000000590000000099N1005201822008201800000000000060000000000000000000000000000000000000000000000000000000031114                    3001029090000000000 
1040001300050Q 012023270101000188TRANSMESSIAS LOCACOES E SERV LTDA - ME  RUA UBERABA                             BATISTA        75123510ANAPOLIS       GO0000000000000000                                                                       
1040001300051R 01000000000000000000000000000000000000000000000000220082018000000000000200                                                                                                                                                       
1040001300052P 0101298027300700000000000140000000000311151122031115          2009201800000000000590000000099N1005201822009201800000000000060000000000000000000000000000000000000000000000000000000031115                    3001029090000000000 
1040001300053Q 012023270101000188TRANSMESSIAS LOCACOES E SERV LTDA - ME  RUA UBERABA                             BATISTA        75123510ANAPOLIS       GO0000000000000000                                                                       
1040001300054R 01000000000000000000000000000000000000000000000000220092018000000000000200                                                                                                                                                       
1040001300055P 0101298027300700000000000140000000000311161122031116          2010201800000000000590000000099N1005201822010201800000000000060000000000000000000000000000000000000000000000000000000031116                    3001029090000000000 
1040001300056Q 012023270101000188TRANSMESSIAS LOCACOES E SERV LTDA - ME  RUA UBERABA                             BATISTA        75123510ANAPOLIS       GO0000000000000000                                                                       
1040001300057R 01000000000000000000000000000000000000000000000000220102018000000000000200                                                                                                                                                       
1040001300058P 0101298027300700000000000140000000000311171122031117          2011201800000000000590000000099N1005201822011201800000000000060000000000000000000000000000000000000000000000000000000031117                    3001029090000000000 
1040001300059Q 012023270101000188TRANSMESSIAS LOCACOES E SERV LTDA - ME  RUA UBERABA                             BATISTA        75123510ANAPOLIS       GO0000000000000000                                                                       
1040001300060R 01000000000000000000000000000000000000000000000000220112018000000000000200                                                                                                                                                       
1040001300061P 0101298027300700000000000140000000000311181122031118          2012201800000000000590000000099N1005201822012201800000000000060000000000000000000000000000000000000000000000000000000031118                    3001029090000000000 
1040001300062Q 012023270101000188TRANSMESSIAS LOCACOES E SERV LTDA - ME  RUA UBERABA                             BATISTA        75123510ANAPOLIS       GO0000000000000000                                                                       
1040001300063R 01000000000000000000000000000000000000000000000000220122018000000000000200                                                                                                                                                       
1040001300064P 0101298027300700000000000140000000000311191122031119          2001201900000000000590000000099N1005201822001201900000000000060000000000000000000000000000000000000000000000000000000031119                    3001029090000000000 
1040001300065Q 012023270101000188TRANSMESSIAS LOCACOES E SERV LTDA - ME  RUA UBERABA                             BATISTA        75123510ANAPOLIS       GO0000000000000000                                                                       
1040001300066R 01000000000000000000000000000000000000000000000000220012019000000000000200                                                                                                                                                       
1040001300067P 0101298027300700000000000140000000000311201122031120          2002201900000000000590000000099N1005201822002201900000000000060000000000000000000000000000000000000000000000000000000031120                    3001029090000000000 
1040001300068Q 012023270101000188TRANSMESSIAS LOCACOES E SERV LTDA - ME  RUA UBERABA                             BATISTA        75123510ANAPOLIS       GO0000000000000000                                                                       
1040001300069R 01000000000000000000000000000000000000000000000000220022019000000000000200                                                                                                                                                       
1040001300070P 0101298027300700000000000140000000000311211122031121          2003201900000000000590000000099N1005201822003201900000000000060000000000000000000000000000000000000000000000000000000031121                    3001029090000000000 
1040001300071Q 012023270101000188TRANSMESSIAS LOCACOES E SERV LTDA - ME  RUA UBERABA                             BATISTA        75123510ANAPOLIS       GO0000000000000000                                                                       
1040001300072R 01000000000000000000000000000000000000000000000000220032019000000000000200                                                                                                                                                       
1040001300073P 0101298027300700000000000140000000000311221122031122          2004201900000000000590000000099N1005201822004201900000000000060000000000000000000000000000000000000000000000000000000031122                    3001029090000000000 
1040001300074Q 012023270101000188TRANSMESSIAS LOCACOES E SERV LTDA - ME  RUA UBERABA                             BATISTA        75123510ANAPOLIS       GO0000000000000000                                                                       
1040001300075R 01000000000000000000000000000000000000000000000000220042019000000000000200                                                                                                                                                       
1040001300076P 0101298027300700000000000140000000000311231122031123          2005201900000000000590000000099N1005201822005201900000000000060000000000000000000000000000000000000000000000000000000031123                    3001029090000000000 
1040001300077Q 012023270101000188TRANSMESSIAS LOCACOES E SERV LTDA - ME  RUA UBERABA                             BATISTA        75123510ANAPOLIS       GO0000000000000000                                                                       
1040001300078R 01000000000000000000000000000000000000000000000000220052019000000000000200                                                                                                                                                       
1040001300079P 0101298027300700000000000140000000000311251122031125          1006201800000000008500000000099N1005201821006201800000000000060000000000000000000000000000000000000000000000000000000031125                    3001029090000000000 
1040001300080Q 011000073375730144DANYLO LEMES D ABADIA                   AV GOIAS APTO 102                       CENTRO         76300000GOIANESIA      GO0000000000000000                                                                       
1040001300081R 01000000000000000000000000000000000000000000000000210062018000000000000200                                                                                                                                                       
1040001300082P 0101298027300700000000000140000000000311271122031127          1505201800000000002000000000099N1005201821505201800000000000060000000000000000000000000000000000000000000000000000000031127                    3001029090000000000 
1040001300083Q 011000027294897549REGINALDO DIAS DE OLIVEIRA              AVENIDA PRINCIPAL QD 14 LT12            CENTRO         76372000PILAR DE GOIÃƒÂGO0000000000000000                                                                       
1040001300084R 01000000000000000000000000000000000000000000000000215052018000000000000200                                                                                                                                                       
1040001300085P 0101298027300700000000000140000000000311281122031128          1006201800000000000599000000099N1005201821006201800000000000060000000000000000000000000000000000000000000000000000000031128                    3001029090000000000 
1040001300086Q 011000027294897549REGINALDO DIAS DE OLIVEIRA              AVENIDA PRINCIPAL QD 14 LT12            CENTRO         76372000PILAR DE GOIÃƒÂGO0000000000000000                                                                       
1040001300087R 01000000000000000000000000000000000000000000000000210062018000000000000200                                                                                                                                                       
1040001300088P 0101298027300700000000000140000000000311291122031129          1007201800000000000599000000099N1005201821007201800000000000060000000000000000000000000000000000000000000000000000000031129                    3001029090000000000 
1040001300089Q 011000027294897549REGINALDO DIAS DE OLIVEIRA              AVENIDA PRINCIPAL QD 14 LT12            CENTRO         76372000PILAR DE GOIÃƒÂGO0000000000000000                                                                       
1040001300090R 01000000000000000000000000000000000000000000000000210072018000000000000200                                                                                                                                                       
1040001300091P 0101298027300700000000000140000000000311301122031130          1008201800000000000599000000099N1005201821008201800000000000060000000000000000000000000000000000000000000000000000000031130                    3001029090000000000 
1040001300092Q 011000027294897549REGINALDO DIAS DE OLIVEIRA              AVENIDA PRINCIPAL QD 14 LT12            CENTRO         76372000PILAR DE GOIÃƒÂGO0000000000000000                                                                       
1040001300093R 01000000000000000000000000000000000000000000000000210082018000000000000200                                                                                                                                                       
1040001300094P 0101298027300700000000000140000000000311311122031131          1009201800000000000599000000099N1005201821009201800000000000060000000000000000000000000000000000000000000000000000000031131                    3001029090000000000 
1040001300095Q 011000027294897549REGINALDO DIAS DE OLIVEIRA              AVENIDA PRINCIPAL QD 14 LT12            CENTRO         76372000PILAR DE GOIÃƒÂGO0000000000000000                                                                       
1040001300096R 01000000000000000000000000000000000000000000000000210092018000000000000200                                                                                                                                                       
1040001300097P 0101298027300700000000000140000000000311321122031132          1010201800000000000599000000099N1005201821010201800000000000060000000000000000000000000000000000000000000000000000000031132                    3001029090000000000 
1040001300098Q 011000027294897549REGINALDO DIAS DE OLIVEIRA              AVENIDA PRINCIPAL QD 14 LT12            CENTRO         76372000PILAR DE GOIÃƒÂGO0000000000000000                                                                       
1040001300099R 01000000000000000000000000000000000000000000000000210102018000000000000200                                                                                                                                                       
1040001300100P 0101298027300700000000000140000000000311331122031133          1011201800000000000599000000099N1005201821011201800000000000060000000000000000000000000000000000000000000000000000000031133                    3001029090000000000 
1040001300101Q 011000027294897549REGINALDO DIAS DE OLIVEIRA              AVENIDA PRINCIPAL QD 14 LT12            CENTRO         76372000PILAR DE GOIÃƒÂGO0000000000000000                                                                       
1040001300102R 01000000000000000000000000000000000000000000000000210112018000000000000200                                                                                                                                                       
1040001300103P 0101298027300700000000000140000000000311341122031134          1012201800000000000599000000099N1005201821012201800000000000060000000000000000000000000000000000000000000000000000000031134                    3001029090000000000 
1040001300104Q 011000027294897549REGINALDO DIAS DE OLIVEIRA              AVENIDA PRINCIPAL QD 14 LT12            CENTRO         76372000PILAR DE GOIÃƒÂGO0000000000000000                                                                       
1040001300105R 01000000000000000000000000000000000000000000000000210122018000000000000200                                                                                                                                                       
1040001300106P 0101298027300700000000000140000000000311351122031135          1001201900000000000599000000099N1005201821001201900000000000060000000000000000000000000000000000000000000000000000000031135                    3001029090000000000 
1040001300107Q 011000027294897549REGINALDO DIAS DE OLIVEIRA              AVENIDA PRINCIPAL QD 14 LT12            CENTRO         76372000PILAR DE GOIÃƒÂGO0000000000000000                                                                       
1040001300108R 01000000000000000000000000000000000000000000000000210012019000000000000200                                                                                                                                                       
1040001300109P 0101298027300700000000000140000000000311361122031136          1002201900000000000599000000099N1005201821002201900000000000060000000000000000000000000000000000000000000000000000000031136                    3001029090000000000 
1040001300110Q 011000027294897549REGINALDO DIAS DE OLIVEIRA              AVENIDA PRINCIPAL QD 14 LT12            CENTRO         76372000PILAR DE GOIÃƒÂGO0000000000000000                                                                       
1040001300111R 01000000000000000000000000000000000000000000000000210022019000000000000200                                                                                                                                                       
1040001300112P 0101298027300700000000000140000000000311371122031137          1003201900000000000599000000099N1005201821003201900000000000060000000000000000000000000000000000000000000000000000000031137                    3001029090000000000 
1040001300113Q 011000027294897549REGINALDO DIAS DE OLIVEIRA              AVENIDA PRINCIPAL QD 14 LT12            CENTRO         76372000PILAR DE GOIÃƒÂGO0000000000000000                                                                       
1040001300114R 01000000000000000000000000000000000000000000000000210032019000000000000200                                                                                                                                                       
1040001300115P 0101298027300700000000000140000000000311381122031138          1004201900000000000599000000099N1005201821004201900000000000060000000000000000000000000000000000000000000000000000000031138                    3001029090000000000 
1040001300116Q 011000027294897549REGINALDO DIAS DE OLIVEIRA              AVENIDA PRINCIPAL QD 14 LT12            CENTRO         76372000PILAR DE GOIÃƒÂGO0000000000000000                                                                       
1040001300117R 01000000000000000000000000000000000000000000000000210042019000000000000200                                                                                                                                                       
1040001300118P 0101298027300700000000000140000000000311391122031139          1005201900000000000599000000099N1005201821005201900000000000060000000000000000000000000000000000000000000000000000000031139                    3001029090000000000 
1040001300119Q 011000027294897549REGINALDO DIAS DE OLIVEIRA              AVENIDA PRINCIPAL QD 14 LT12            CENTRO         76372000PILAR DE GOIÃƒÂGO0000000000000000                                                                       
1040001300120R 01000000000000000000000000000000000000000000000000210052019000000000000200                                                                                                                                                       
1040001300121P 0101298027300700000000000140000000000311401122031140          1505201800000000002500000000099N1005201821505201800000000000060000000000000000000000000000000000000000000000000000000031140                    3001029090000000000 
1040001300122Q 012017407111000110LOCMARQUES-TRANSPORTE E LOCACAO LTDA ME RUA 11                                  UNIVERSITARIO  76380000GOIANESIA      GO0000000000000000                                                                       
1040001300123R 01000000000000000000000000000000000000000000000000215052018000000000000200                                                                                                                                                       
10400015         000125000041000000000009682800000000000000000000000000000000000000000000000                                                                                                                                                    
10499999         000001000127                                                                                                                                                                                                                   