10400000         2116559540001590000000000000000000001298027300700000000FEDERAL SISTEMAS              CAIXA ECONOMICA FEDERAL                 11005201811065700009205000000                    REMESSA-PRODUCAO                                 
10400011R0100030 20116559540001592730070000000000000001298027300700000000FEDERAL SISTEMAS                                                                                              000000921005201800000000                                 
1040001300001P 0101298027300700000000000140000000000298041122029804          1505201800000000003600000000099N2704201821505201800000000000060000000000000000000000000000000000000000000000000000000029804                    3001090090000000000 
1040001300002Q 012029631141000194GLORY PRODUTOS PARA FESTAS LTDA         AV WEIMAR BARROSO                       CENTRO         76400000URUACU         GO0000000000000000                                                                       
1040001300003R 01000000000000000000000000000000000000000000000000215052018000000000000200                                                                                                                                                       
1040001300004P 0101298027300700000000000140000000000298051122029805          1006201800000000003000000000099N2704201821006201800000000000060000000000000000000000000000000000000000000000000000000029805                    3001090090000000000 
1040001300005Q 012029631141000194GLORY PRODUTOS PARA FESTAS LTDA         AV WEIMAR BARROSO                       CENTRO         76400000URUACU         GO0000000000000000                                                                       
1040001300006R 01000000000000000000000000000000000000000000000000210062018000000000000200                                                                                                                                                       
1040001300007P 0101298027300700000000000140000000000298061122029806          1007201800000000003000000000099N2704201821007201800000000000060000000000000000000000000000000000000000000000000000000029806                    3001090090000000000 
1040001300008Q 012029631141000194GLORY PRODUTOS PARA FESTAS LTDA         AV WEIMAR BARROSO                       CENTRO         76400000URUACU         GO0000000000000000                                                                       
1040001300009R 01000000000000000000000000000000000000000000000000210072018000000000000200                                                                                                                                                       
1040001300010P 0101298027300700000000000140000000000298071122029807          1008201800000000003000000000099N2704201821008201800000000000060000000000000000000000000000000000000000000000000000000029807                    3001090090000000000 
1040001300011Q 012029631141000194GLORY PRODUTOS PARA FESTAS LTDA         AV WEIMAR BARROSO                       CENTRO         76400000URUACU         GO0000000000000000                                                                       
1040001300012R 01000000000000000000000000000000000000000000000000210082018000000000000200                                                                                                                                                       
1040001300013P 0101298027300700000000000140000000000298081122029808          1009201800000000003000000000099N2704201821009201800000000000060000000000000000000000000000000000000000000000000000000029808                    3001090090000000000 
1040001300014Q 012029631141000194GLORY PRODUTOS PARA FESTAS LTDA         AV WEIMAR BARROSO                       CENTRO         76400000URUACU         GO0000000000000000                                                                       
1040001300015R 01000000000000000000000000000000000000000000000000210092018000000000000200                                                                                                                                                       
1040001300016P 0101298027300700000000000140000000000298091122029809          1010201800000000003000000000099N2704201821010201800000000000060000000000000000000000000000000000000000000000000000000029809                    3001090090000000000 
1040001300017Q 012029631141000194GLORY PRODUTOS PARA FESTAS LTDA         AV WEIMAR BARROSO                       CENTRO         76400000URUACU         GO0000000000000000                                                                       
1040001300018R 01000000000000000000000000000000000000000000000000210102018000000000000200                                                                                                                                                       
1040001300019P 0101298027300700000000000140000000000298101122029810          1011201800000000003000000000099N2704201821011201800000000000060000000000000000000000000000000000000000000000000000000029810                    3001090090000000000 
1040001300020Q 012029631141000194GLORY PRODUTOS PARA FESTAS LTDA         AV WEIMAR BARROSO                       CENTRO         76400000URUACU         GO0000000000000000                                                                       
1040001300021R 01000000000000000000000000000000000000000000000000210112018000000000000200                                                                                                                                                       
1040001300022P 0101298027300700000000000140000000000298111122029811          1012201800000000003000000000099N2704201821012201800000000000060000000000000000000000000000000000000000000000000000000029811                    3001090090000000000 
1040001300023Q 012029631141000194GLORY PRODUTOS PARA FESTAS LTDA         AV WEIMAR BARROSO                       CENTRO         76400000URUACU         GO0000000000000000                                                                       
1040001300024R 01000000000000000000000000000000000000000000000000210122018000000000000200                                                                                                                                                       
1040001300025P 0101298027300700000000000140000000000298121122029812          1001201900000000003000000000099N2704201821001201900000000000060000000000000000000000000000000000000000000000000000000029812                    3001090090000000000 
1040001300026Q 012029631141000194GLORY PRODUTOS PARA FESTAS LTDA         AV WEIMAR BARROSO                       CENTRO         76400000URUACU         GO0000000000000000                                                                       
1040001300027R 01000000000000000000000000000000000000000000000000210012019000000000000200                                                                                                                                                       
1040001300028P 0101298027300700000000000140000000000298131122029813          1002201900000000003000000000099N2704201821002201900000000000060000000000000000000000000000000000000000000000000000000029813                    3001090090000000000 
1040001300029Q 012029631141000194GLORY PRODUTOS PARA FESTAS LTDA         AV WEIMAR BARROSO                       CENTRO         76400000URUACU         GO0000000000000000                                                                       
1040001300030R 01000000000000000000000000000000000000000000000000210022019000000000000200                                                                                                                                                       
1040001300031P 0101298027300700000000000140000000000298141122029814          1003201900000000003000000000099N2704201821003201900000000000060000000000000000000000000000000000000000000000000000000029814                    3001090090000000000 
1040001300032Q 012029631141000194GLORY PRODUTOS PARA FESTAS LTDA         AV WEIMAR BARROSO                       CENTRO         76400000URUACU         GO0000000000000000                                                                       
1040001300033R 01000000000000000000000000000000000000000000000000210032019000000000000200                                                                                                                                                       
1040001300034P 0101298027300700000000000140000000000298151122029815          1004201900000000003000000000099N2704201821004201900000000000060000000000000000000000000000000000000000000000000000000029815                    3001090090000000000 
1040001300035Q 012029631141000194GLORY PRODUTOS PARA FESTAS LTDA         AV WEIMAR BARROSO                       CENTRO         76400000URUACU         GO0000000000000000                                                                       
1040001300036R 01000000000000000000000000000000000000000000000000210042019000000000000200                                                                                                                                                       
1040001300037P 0101298027300700000000000140000000000298161122029816          1005201900000000003000000000099N2704201821005201900000000000060000000000000000000000000000000000000000000000000000000029816                    3001090090000000000 
1040001300038Q 012029631141000194GLORY PRODUTOS PARA FESTAS LTDA         AV WEIMAR BARROSO                       CENTRO         76400000URUACU         GO0000000000000000                                                                       
1040001300039R 01000000000000000000000000000000000000000000000000210052019000000000000200                                                                                                                                                       
10400015         000041000013000000000003960000000000000000000000000000000000000000000000000                                                                                                                                                    
10499999         000001000043                                                                                                                                                                                                                   