10400000         2116559540001590000000000000000000001298027300700000000FEDERAL SISTEMAS              CAIXA ECONOMICA FEDERAL                 11005201806454500008605000000                    REMESSA-PRODUCAO                                 
10400011R0100030 20116559540001592730070000000000000001298027300700000000FEDERAL SISTEMAS                                                                                              000000861005201800000000                                 
1040001300001P 0101298027300700000000000140000000000296491122029649          1006201800000000001500000000099N1904201821006201800000000000060000000000000000000000000000000000000000000000000000000029649                    3001090090000000000 
1040001300002Q 011000042694442153AROLDO B. LEITE                         RUA 27                                  SETOR SUL      76382178GOIANESIA      GO0000000000000000                                                                       
1040001300003R 01000000000000000000000000000000000000000000000000210062018000000000000200                                                                                                                                                       
1040001300004P 0101298027300700000000000140000000000296501122029650          1007201800000000001500000000099N1904201821007201800000000000060000000000000000000000000000000000000000000000000000000029650                    3001090090000000000 
1040001300005Q 011000042694442153AROLDO B. LEITE                         RUA 27                                  SETOR SUL      76382178GOIANESIA      GO0000000000000000                                                                       
1040001300006R 01000000000000000000000000000000000000000000000000210072018000000000000200                                                                                                                                                       
1040001300007P 0101298027300700000000000140000000000296511122029651          1008201800000000001500000000099N1904201821008201800000000000060000000000000000000000000000000000000000000000000000000029651                    3001090090000000000 
1040001300008Q 011000042694442153AROLDO B. LEITE                         RUA 27                                  SETOR SUL      76382178GOIANESIA      GO0000000000000000                                                                       
1040001300009R 01000000000000000000000000000000000000000000000000210082018000000000000200                                                                                                                                                       
1040001300010P 0101298027300700000000000140000000000296521122029652          1009201800000000001500000000099N1904201821009201800000000000060000000000000000000000000000000000000000000000000000000029652                    3001090090000000000 
1040001300011Q 011000042694442153AROLDO B. LEITE                         RUA 27                                  SETOR SUL      76382178GOIANESIA      GO0000000000000000                                                                       
1040001300012R 01000000000000000000000000000000000000000000000000210092018000000000000200                                                                                                                                                       
1040001300013P 0101298027300700000000000140000000000296531122029653          1010201800000000001500000000099N1904201821010201800000000000060000000000000000000000000000000000000000000000000000000029653                    3001090090000000000 
1040001300014Q 011000042694442153AROLDO B. LEITE                         RUA 27                                  SETOR SUL      76382178GOIANESIA      GO0000000000000000                                                                       
1040001300015R 01000000000000000000000000000000000000000000000000210102018000000000000200                                                                                                                                                       
1040001300016P 0101298027300700000000000140000000000296541122029654          1011201800000000001500000000099N1904201821011201800000000000060000000000000000000000000000000000000000000000000000000029654                    3001090090000000000 
1040001300017Q 011000042694442153AROLDO B. LEITE                         RUA 27                                  SETOR SUL      76382178GOIANESIA      GO0000000000000000                                                                       
1040001300018R 01000000000000000000000000000000000000000000000000210112018000000000000200                                                                                                                                                       
1040001300019P 0101298027300700000000000140000000000296551122029655          1012201800000000001500000000099N1904201821012201800000000000060000000000000000000000000000000000000000000000000000000029655                    3001090090000000000 
1040001300020Q 011000042694442153AROLDO B. LEITE                         RUA 27                                  SETOR SUL      76382178GOIANESIA      GO0000000000000000                                                                       
1040001300021R 01000000000000000000000000000000000000000000000000210122018000000000000200                                                                                                                                                       
1040001300022P 0101298027300700000000000140000000000296561122029656          1001201900000000001500000000099N1904201821001201900000000000060000000000000000000000000000000000000000000000000000000029656                    3001090090000000000 
1040001300023Q 011000042694442153AROLDO B. LEITE                         RUA 27                                  SETOR SUL      76382178GOIANESIA      GO0000000000000000                                                                       
1040001300024R 01000000000000000000000000000000000000000000000000210012019000000000000200                                                                                                                                                       
1040001300025P 0101298027300700000000000140000000000296571122029657          1002201900000000001500000000099N1904201821002201900000000000060000000000000000000000000000000000000000000000000000000029657                    3001090090000000000 
1040001300026Q 011000042694442153AROLDO B. LEITE                         RUA 27                                  SETOR SUL      76382178GOIANESIA      GO0000000000000000                                                                       
1040001300027R 01000000000000000000000000000000000000000000000000210022019000000000000200                                                                                                                                                       
1040001300028P 0101298027300700000000000140000000000296581122029658          1003201900000000001500000000099N1904201821003201900000000000060000000000000000000000000000000000000000000000000000000029658                    3001090090000000000 
1040001300029Q 011000042694442153AROLDO B. LEITE                         RUA 27                                  SETOR SUL      76382178GOIANESIA      GO0000000000000000                                                                       
1040001300030R 01000000000000000000000000000000000000000000000000210032019000000000000200                                                                                                                                                       
1040001300031P 0101298027300700000000000140000000000296591122029659          1004201900000000001500000000099N1904201821004201900000000000060000000000000000000000000000000000000000000000000000000029659                    3001090090000000000 
1040001300032Q 011000042694442153AROLDO B. LEITE                         RUA 27                                  SETOR SUL      76382178GOIANESIA      GO0000000000000000                                                                       
1040001300033R 01000000000000000000000000000000000000000000000000210042019000000000000200                                                                                                                                                       
1040001300034P 0101298027300700000000000140000000000296601122029660          1005201900000000001500000000099N1904201821005201900000000000060000000000000000000000000000000000000000000000000000000029660                    3001090090000000000 
1040001300035Q 011000042694442153AROLDO B. LEITE                         RUA 27                                  SETOR SUL      76382178GOIANESIA      GO0000000000000000                                                                       
1040001300036R 01000000000000000000000000000000000000000000000000210052019000000000000200                                                                                                                                                       
1040001300037P 0101298027300700000000000140000000000296621122029662          2005201800000000002360000000099N1904201822005201800000000000060000000000000000000000000000000000000000000000000000000029662                    3001090090000000000 
1040001300038Q 011000002729783458JOSEILTON PEREIRA LEMOS                 VIELA VANDER JOSE GOMES (ANTIGA VIELA C2NEGRINHO CARRIL76380000GOIANESIA      GO0000000000000000                                                                       
1040001300039R 01000000000000000000000000000000000000000000000000220052018000000000000200                                                                                                                                                       
1040001300040P 0101298027300700000000000140000000000296631122029663          2006201800000000002360000000099N1904201822006201800000000000060000000000000000000000000000000000000000000000000000000029663                    3001090090000000000 
1040001300041Q 011000002729783458JOSEILTON PEREIRA LEMOS                 VIELA VANDER JOSE GOMES (ANTIGA VIELA C2NEGRINHO CARRIL76380000GOIANESIA      GO0000000000000000                                                                       
1040001300042R 01000000000000000000000000000000000000000000000000220062018000000000000200                                                                                                                                                       
1040001300043P 0101298027300700000000000140000000000296641122029664          2007201800000000002360000000099N1904201822007201800000000000060000000000000000000000000000000000000000000000000000000029664                    3001090090000000000 
1040001300044Q 011000002729783458JOSEILTON PEREIRA LEMOS                 VIELA VANDER JOSE GOMES (ANTIGA VIELA C2NEGRINHO CARRIL76380000GOIANESIA      GO0000000000000000                                                                       
1040001300045R 01000000000000000000000000000000000000000000000000220072018000000000000200                                                                                                                                                       
1040001300046P 0101298027300700000000000140000000000296651122029665          2008201800000000002360000000099N1904201822008201800000000000060000000000000000000000000000000000000000000000000000000029665                    3001090090000000000 
1040001300047Q 011000002729783458JOSEILTON PEREIRA LEMOS                 VIELA VANDER JOSE GOMES (ANTIGA VIELA C2NEGRINHO CARRIL76380000GOIANESIA      GO0000000000000000                                                                       
1040001300048R 01000000000000000000000000000000000000000000000000220082018000000000000200                                                                                                                                                       
1040001300049P 0101298027300700000000000140000000000296661122029666          2009201800000000002360000000099N1904201822009201800000000000060000000000000000000000000000000000000000000000000000000029666                    3001090090000000000 
1040001300050Q 011000002729783458JOSEILTON PEREIRA LEMOS                 VIELA VANDER JOSE GOMES (ANTIGA VIELA C2NEGRINHO CARRIL76380000GOIANESIA      GO0000000000000000                                                                       
1040001300051R 01000000000000000000000000000000000000000000000000220092018000000000000200                                                                                                                                                       
1040001300052P 0101298027300700000000000140000000000296671122029667          2010201800000000002360000000099N1904201822010201800000000000060000000000000000000000000000000000000000000000000000000029667                    3001090090000000000 
1040001300053Q 011000002729783458JOSEILTON PEREIRA LEMOS                 VIELA VANDER JOSE GOMES (ANTIGA VIELA C2NEGRINHO CARRIL76380000GOIANESIA      GO0000000000000000                                                                       
1040001300054R 01000000000000000000000000000000000000000000000000220102018000000000000200                                                                                                                                                       
1040001300055P 0101298027300700000000000140000000000296681122029668          2011201800000000002360000000099N1904201822011201800000000000060000000000000000000000000000000000000000000000000000000029668                    3001090090000000000 
1040001300056Q 011000002729783458JOSEILTON PEREIRA LEMOS                 VIELA VANDER JOSE GOMES (ANTIGA VIELA C2NEGRINHO CARRIL76380000GOIANESIA      GO0000000000000000                                                                       
1040001300057R 01000000000000000000000000000000000000000000000000220112018000000000000200                                                                                                                                                       
1040001300058P 0101298027300700000000000140000000000296691122029669          2012201800000000002360000000099N1904201822012201800000000000060000000000000000000000000000000000000000000000000000000029669                    3001090090000000000 
1040001300059Q 011000002729783458JOSEILTON PEREIRA LEMOS                 VIELA VANDER JOSE GOMES (ANTIGA VIELA C2NEGRINHO CARRIL76380000GOIANESIA      GO0000000000000000                                                                       
1040001300060R 01000000000000000000000000000000000000000000000000220122018000000000000200                                                                                                                                                       
1040001300061P 0101298027300700000000000140000000000296701122029670          2001201900000000002360000000099N1904201822001201900000000000060000000000000000000000000000000000000000000000000000000029670                    3001090090000000000 
1040001300062Q 011000002729783458JOSEILTON PEREIRA LEMOS                 VIELA VANDER JOSE GOMES (ANTIGA VIELA C2NEGRINHO CARRIL76380000GOIANESIA      GO0000000000000000                                                                       
1040001300063R 01000000000000000000000000000000000000000000000000220012019000000000000200                                                                                                                                                       
1040001300064P 0101298027300700000000000140000000000296711122029671          2002201900000000002360000000099N1904201822002201900000000000060000000000000000000000000000000000000000000000000000000029671                    3001090090000000000 
1040001300065Q 011000002729783458JOSEILTON PEREIRA LEMOS                 VIELA VANDER JOSE GOMES (ANTIGA VIELA C2NEGRINHO CARRIL76380000GOIANESIA      GO0000000000000000                                                                       
1040001300066R 01000000000000000000000000000000000000000000000000220022019000000000000200                                                                                                                                                       
1040001300067P 0101298027300700000000000140000000000296721122029672          2003201900000000002360000000099N1904201822003201900000000000060000000000000000000000000000000000000000000000000000000029672                    3001090090000000000 
1040001300068Q 011000002729783458JOSEILTON PEREIRA LEMOS                 VIELA VANDER JOSE GOMES (ANTIGA VIELA C2NEGRINHO CARRIL76380000GOIANESIA      GO0000000000000000                                                                       
1040001300069R 01000000000000000000000000000000000000000000000000220032019000000000000200                                                                                                                                                       
10400015         000071000023000000000004396000000000000000000000000000000000000000000000000                                                                                                                                                    
10499999         000001000073                                                                                                                                                                                                                   