10400000         2116559540001590000000000000000000001298027300700000000FEDERAL SISTEMAS              CAIXA ECONOMICA FEDERAL                 11901201811044700000605000000                    REMESSA-PRODUCAO                                 
10400011R0100030 20116559540001592730070000000000000001298027300700000000FEDERAL SISTEMAS                                                                                              000000061901201800000000                                 
1040001300001P 0101298027300700000000000140000000000247511122024751          1802201800000000000599000000099N1801201821802201800000000000000000000000000000000000000000000000000000000000000000000024751                    3001030090000000000 
1040001300002Q 011000054914671387ERNANE GREGORIO DA CUNHA                RUA 11 LT 23 QD 03 PRÓXIMO AO POSTO DE JARDIM PETRÓPO76300000CERES          GO0000000000000000                                                                       
1040001300003R 01000000000000000000000000000000000000000000000000218022018000000000000200                                                                                                                                                       
1040001300004P 0101298027300700000000000140000000000247521122024752          1803201800000000000599000000099N1801201821803201800000000000000000000000000000000000000000000000000000000000000000000024752                    3001030090000000000 
1040001300005Q 011000054914671387ERNANE GREGORIO DA CUNHA                RUA 11 LT 23 QD 03 PRÓXIMO AO POSTO DE JARDIM PETRÓPO76300000CERES          GO0000000000000000                                                                       
1040001300006R 01000000000000000000000000000000000000000000000000218032018000000000000200                                                                                                                                                       
1040001300007P 0101298027300700000000000140000000000247531122024753          1804201800000000000599000000099N1801201821804201800000000000000000000000000000000000000000000000000000000000000000000024753                    3001030090000000000 
1040001300008Q 011000054914671387ERNANE GREGORIO DA CUNHA                RUA 11 LT 23 QD 03 PRÓXIMO AO POSTO DE JARDIM PETRÓPO76300000CERES          GO0000000000000000                                                                       
1040001300009R 01000000000000000000000000000000000000000000000000218042018000000000000200                                                                                                                                                       
1040001300010P 0101298027300700000000000140000000000247541122024754          1805201800000000000599000000099N1801201821805201800000000000000000000000000000000000000000000000000000000000000000000024754                    3001030090000000000 
1040001300011Q 011000054914671387ERNANE GREGORIO DA CUNHA                RUA 11 LT 23 QD 03 PRÓXIMO AO POSTO DE JARDIM PETRÓPO76300000CERES          GO0000000000000000                                                                       
1040001300012R 01000000000000000000000000000000000000000000000000218052018000000000000200                                                                                                                                                       
1040001300013P 0101298027300700000000000140000000000247551122024755          1806201800000000000599000000099N1801201821806201800000000000000000000000000000000000000000000000000000000000000000000024755                    3001030090000000000 
1040001300014Q 011000054914671387ERNANE GREGORIO DA CUNHA                RUA 11 LT 23 QD 03 PRÓXIMO AO POSTO DE JARDIM PETRÓPO76300000CERES          GO0000000000000000                                                                       
1040001300015R 01000000000000000000000000000000000000000000000000218062018000000000000200                                                                                                                                                       
1040001300016P 0101298027300700000000000140000000000247561122024756          1807201800000000000599000000099N1801201821807201800000000000000000000000000000000000000000000000000000000000000000000024756                    3001030090000000000 
1040001300017Q 011000054914671387ERNANE GREGORIO DA CUNHA                RUA 11 LT 23 QD 03 PRÓXIMO AO POSTO DE JARDIM PETRÓPO76300000CERES          GO0000000000000000                                                                       
1040001300018R 01000000000000000000000000000000000000000000000000218072018000000000000200                                                                                                                                                       
1040001300019P 0101298027300700000000000140000000000247571122024757          1808201800000000000599000000099N1801201821808201800000000000000000000000000000000000000000000000000000000000000000000024757                    3001030090000000000 
1040001300020Q 011000054914671387ERNANE GREGORIO DA CUNHA                RUA 11 LT 23 QD 03 PRÓXIMO AO POSTO DE JARDIM PETRÓPO76300000CERES          GO0000000000000000                                                                       
1040001300021R 01000000000000000000000000000000000000000000000000218082018000000000000200                                                                                                                                                       
1040001300022P 0101298027300700000000000140000000000247581122024758          1809201800000000000599000000099N1801201821809201800000000000000000000000000000000000000000000000000000000000000000000024758                    3001030090000000000 
1040001300023Q 011000054914671387ERNANE GREGORIO DA CUNHA                RUA 11 LT 23 QD 03 PRÓXIMO AO POSTO DE JARDIM PETRÓPO76300000CERES          GO0000000000000000                                                                       
1040001300024R 01000000000000000000000000000000000000000000000000218092018000000000000200                                                                                                                                                       
1040001300025P 0101298027300700000000000140000000000247591122024759          1810201800000000000599000000099N1801201821810201800000000000000000000000000000000000000000000000000000000000000000000024759                    3001030090000000000 
1040001300026Q 011000054914671387ERNANE GREGORIO DA CUNHA                RUA 11 LT 23 QD 03 PRÓXIMO AO POSTO DE JARDIM PETRÓPO76300000CERES          GO0000000000000000                                                                       
1040001300027R 01000000000000000000000000000000000000000000000000218102018000000000000200                                                                                                                                                       
1040001300028P 0101298027300700000000000140000000000247601122024760          1811201800000000000599000000099N1801201821811201800000000000000000000000000000000000000000000000000000000000000000000024760                    3001030090000000000 
1040001300029Q 011000054914671387ERNANE GREGORIO DA CUNHA                RUA 11 LT 23 QD 03 PRÓXIMO AO POSTO DE JARDIM PETRÓPO76300000CERES          GO0000000000000000                                                                       
1040001300030R 01000000000000000000000000000000000000000000000000218112018000000000000200                                                                                                                                                       
1040001300031P 0101298027300700000000000140000000000247611122024761          1812201800000000000599000000099N1801201821812201800000000000000000000000000000000000000000000000000000000000000000000024761                    3001030090000000000 
1040001300032Q 011000054914671387ERNANE GREGORIO DA CUNHA                RUA 11 LT 23 QD 03 PRÓXIMO AO POSTO DE JARDIM PETRÓPO76300000CERES          GO0000000000000000                                                                       
1040001300033R 01000000000000000000000000000000000000000000000000218122018000000000000200                                                                                                                                                       
1040001300034P 0101298027300700000000000140000000000247621122024762          1801201900000000000599000000099N1801201821801201900000000000000000000000000000000000000000000000000000000000000000000024762                    3001030090000000000 
1040001300035Q 011000054914671387ERNANE GREGORIO DA CUNHA                RUA 11 LT 23 QD 03 PRÓXIMO AO POSTO DE JARDIM PETRÓPO76300000CERES          GO0000000000000000                                                                       
1040001300036R 01000000000000000000000000000000000000000000000000218012019000000000000200                                                                                                                                                       
10400015         000038000012000000000000718800000000000000000000000000000000000000000000000                                                                                                                                                    
10499999         000001000040                                                                                                                                                                                                                   