10400000         2116559540001590000000000000000000001298027300700000000FEDERAL SISTEMAS              CAIXA ECONOMICA FEDERAL                 12403201812050200004805000000                    REMESSA-PRODUCAO                                 
10400011R0100030 20116559540001592730070000000000000001298027300700000000FEDERAL SISTEMAS                                                                                              000000482403201800000000                                 
1040001300001P 0101298027300700000000000140000000000280191122028019          3003201800000000002500000000099N2303201823003201800000000000060000000000000000000000000000000000000000000000000000000028019                    3001090090000000000 
1040001300002Q 012010692522000155EDSON GOMES EVANGELISTA - ME            AVENIDA BAHIA                           CARRILHO       76380000GOIANESIA      GO0000000000000000                                                                       
1040001300003R 01000000000000000000000000000000000000000000000000230032018000000000000200                                                                                                                                                       
1040001300004P 0101298027300700000000000140000000000280201122028020          2304201800000000000590000000099N2303201822304201800000000000060000000000000000000000000000000000000000000000000000000028020                    3001090090000000000 
1040001300005Q 012010692522000155EDSON GOMES EVANGELISTA - ME            AVENIDA BAHIA                           CARRILHO       76380000GOIANESIA      GO0000000000000000                                                                       
1040001300006R 01000000000000000000000000000000000000000000000000223042018000000000000200                                                                                                                                                       
1040001300007P 0101298027300700000000000140000000000280211122028021          2305201800000000000590000000099N2303201822305201800000000000060000000000000000000000000000000000000000000000000000000028021                    3001090090000000000 
1040001300008Q 012010692522000155EDSON GOMES EVANGELISTA - ME            AVENIDA BAHIA                           CARRILHO       76380000GOIANESIA      GO0000000000000000                                                                       
1040001300009R 01000000000000000000000000000000000000000000000000223052018000000000000200                                                                                                                                                       
1040001300010P 0101298027300700000000000140000000000280221122028022          2306201800000000000590000000099N2303201822306201800000000000060000000000000000000000000000000000000000000000000000000028022                    3001090090000000000 
1040001300011Q 012010692522000155EDSON GOMES EVANGELISTA - ME            AVENIDA BAHIA                           CARRILHO       76380000GOIANESIA      GO0000000000000000                                                                       
1040001300012R 01000000000000000000000000000000000000000000000000223062018000000000000200                                                                                                                                                       
1040001300013P 0101298027300700000000000140000000000280231122028023          2307201800000000000590000000099N2303201822307201800000000000060000000000000000000000000000000000000000000000000000000028023                    3001090090000000000 
1040001300014Q 012010692522000155EDSON GOMES EVANGELISTA - ME            AVENIDA BAHIA                           CARRILHO       76380000GOIANESIA      GO0000000000000000                                                                       
1040001300015R 01000000000000000000000000000000000000000000000000223072018000000000000200                                                                                                                                                       
1040001300016P 0101298027300700000000000140000000000280241122028024          2308201800000000000590000000099N2303201822308201800000000000060000000000000000000000000000000000000000000000000000000028024                    3001090090000000000 
1040001300017Q 012010692522000155EDSON GOMES EVANGELISTA - ME            AVENIDA BAHIA                           CARRILHO       76380000GOIANESIA      GO0000000000000000                                                                       
1040001300018R 01000000000000000000000000000000000000000000000000223082018000000000000200                                                                                                                                                       
1040001300019P 0101298027300700000000000140000000000280251122028025          2309201800000000000590000000099N2303201822309201800000000000060000000000000000000000000000000000000000000000000000000028025                    3001090090000000000 
1040001300020Q 012010692522000155EDSON GOMES EVANGELISTA - ME            AVENIDA BAHIA                           CARRILHO       76380000GOIANESIA      GO0000000000000000                                                                       
1040001300021R 01000000000000000000000000000000000000000000000000223092018000000000000200                                                                                                                                                       
1040001300022P 0101298027300700000000000140000000000280261122028026          2310201800000000000590000000099N2303201822310201800000000000060000000000000000000000000000000000000000000000000000000028026                    3001090090000000000 
1040001300023Q 012010692522000155EDSON GOMES EVANGELISTA - ME            AVENIDA BAHIA                           CARRILHO       76380000GOIANESIA      GO0000000000000000                                                                       
1040001300024R 01000000000000000000000000000000000000000000000000223102018000000000000200                                                                                                                                                       
1040001300025P 0101298027300700000000000140000000000280271122028027          2311201800000000000590000000099N2303201822311201800000000000060000000000000000000000000000000000000000000000000000000028027                    3001090090000000000 
1040001300026Q 012010692522000155EDSON GOMES EVANGELISTA - ME            AVENIDA BAHIA                           CARRILHO       76380000GOIANESIA      GO0000000000000000                                                                       
1040001300027R 01000000000000000000000000000000000000000000000000223112018000000000000200                                                                                                                                                       
1040001300028P 0101298027300700000000000140000000000280281122028028          2312201800000000000590000000099N2303201822312201800000000000060000000000000000000000000000000000000000000000000000000028028                    3001090090000000000 
1040001300029Q 012010692522000155EDSON GOMES EVANGELISTA - ME            AVENIDA BAHIA                           CARRILHO       76380000GOIANESIA      GO0000000000000000                                                                       
1040001300030R 01000000000000000000000000000000000000000000000000223122018000000000000200                                                                                                                                                       
1040001300031P 0101298027300700000000000140000000000280291122028029          2301201900000000000590000000099N2303201822301201900000000000060000000000000000000000000000000000000000000000000000000028029                    3001090090000000000 
1040001300032Q 012010692522000155EDSON GOMES EVANGELISTA - ME            AVENIDA BAHIA                           CARRILHO       76380000GOIANESIA      GO0000000000000000                                                                       
1040001300033R 01000000000000000000000000000000000000000000000000223012019000000000000200                                                                                                                                                       
1040001300034P 0101298027300700000000000140000000000280301122028030          2302201900000000000590000000099N2303201822302201900000000000060000000000000000000000000000000000000000000000000000000028030                    3001090090000000000 
1040001300035Q 012010692522000155EDSON GOMES EVANGELISTA - ME            AVENIDA BAHIA                           CARRILHO       76380000GOIANESIA      GO0000000000000000                                                                       
1040001300036R 01000000000000000000000000000000000000000000000000223022019000000000000200                                                                                                                                                       
1040001300037P 0101298027300700000000000140000000000280311122028031          2303201900000000000590000000099N2303201822303201900000000000060000000000000000000000000000000000000000000000000000000028031                    3001090090000000000 
1040001300038Q 012010692522000155EDSON GOMES EVANGELISTA - ME            AVENIDA BAHIA                           CARRILHO       76380000GOIANESIA      GO0000000000000000                                                                       
1040001300039R 01000000000000000000000000000000000000000000000000223032019000000000000200                                                                                                                                                       
1040001300040P 0101298027300700000000000140000000000280321122028032          2603201800000000002500000000099N2303201822603201800000000000060000000000000000000000000000000000000000000000000000000028032                    3001090090000000000 
1040001300041Q 012027323413000163AURELIANO LIMA E ANDRADE TRANSPORTES LTDRUA 29                                  SETOR SUL      76382181GOIANESIA      GO0000000000000000                                                                       
1040001300042R 01000000000000000000000000000000000000000000000000226032018000000000000200                                                                                                                                                       
1040001300043P 0101298027300700000000000140000000000280331122028033          2304201800000000000590000000099N2303201822304201800000000000060000000000000000000000000000000000000000000000000000000028033                    3001090090000000000 
1040001300044Q 012027323413000163AURELIANO LIMA E ANDRADE TRANSPORTES LTDRUA 29                                  SETOR SUL      76382181GOIANESIA      GO0000000000000000                                                                       
1040001300045R 01000000000000000000000000000000000000000000000000223042018000000000000200                                                                                                                                                       
1040001300046P 0101298027300700000000000140000000000280341122028034          2305201800000000000590000000099N2303201822305201800000000000060000000000000000000000000000000000000000000000000000000028034                    3001090090000000000 
1040001300047Q 012027323413000163AURELIANO LIMA E ANDRADE TRANSPORTES LTDRUA 29                                  SETOR SUL      76382181GOIANESIA      GO0000000000000000                                                                       
1040001300048R 01000000000000000000000000000000000000000000000000223052018000000000000200                                                                                                                                                       
1040001300049P 0101298027300700000000000140000000000280351122028035          2306201800000000000590000000099N2303201822306201800000000000060000000000000000000000000000000000000000000000000000000028035                    3001090090000000000 
1040001300050Q 012027323413000163AURELIANO LIMA E ANDRADE TRANSPORTES LTDRUA 29                                  SETOR SUL      76382181GOIANESIA      GO0000000000000000                                                                       
1040001300051R 01000000000000000000000000000000000000000000000000223062018000000000000200                                                                                                                                                       
1040001300052P 0101298027300700000000000140000000000280361122028036          2307201800000000000590000000099N2303201822307201800000000000060000000000000000000000000000000000000000000000000000000028036                    3001090090000000000 
1040001300053Q 012027323413000163AURELIANO LIMA E ANDRADE TRANSPORTES LTDRUA 29                                  SETOR SUL      76382181GOIANESIA      GO0000000000000000                                                                       
1040001300054R 01000000000000000000000000000000000000000000000000223072018000000000000200                                                                                                                                                       
1040001300055P 0101298027300700000000000140000000000280371122028037          2308201800000000000590000000099N2303201822308201800000000000060000000000000000000000000000000000000000000000000000000028037                    3001090090000000000 
1040001300056Q 012027323413000163AURELIANO LIMA E ANDRADE TRANSPORTES LTDRUA 29                                  SETOR SUL      76382181GOIANESIA      GO0000000000000000                                                                       
1040001300057R 01000000000000000000000000000000000000000000000000223082018000000000000200                                                                                                                                                       
1040001300058P 0101298027300700000000000140000000000280381122028038          2309201800000000000590000000099N2303201822309201800000000000060000000000000000000000000000000000000000000000000000000028038                    3001090090000000000 
1040001300059Q 012027323413000163AURELIANO LIMA E ANDRADE TRANSPORTES LTDRUA 29                                  SETOR SUL      76382181GOIANESIA      GO0000000000000000                                                                       
1040001300060R 01000000000000000000000000000000000000000000000000223092018000000000000200                                                                                                                                                       
1040001300061P 0101298027300700000000000140000000000280391122028039          2310201800000000000590000000099N2303201822310201800000000000060000000000000000000000000000000000000000000000000000000028039                    3001090090000000000 
1040001300062Q 012027323413000163AURELIANO LIMA E ANDRADE TRANSPORTES LTDRUA 29                                  SETOR SUL      76382181GOIANESIA      GO0000000000000000                                                                       
1040001300063R 01000000000000000000000000000000000000000000000000223102018000000000000200                                                                                                                                                       
1040001300064P 0101298027300700000000000140000000000280401122028040          2311201800000000000590000000099N2303201822311201800000000000060000000000000000000000000000000000000000000000000000000028040                    3001090090000000000 
1040001300065Q 012027323413000163AURELIANO LIMA E ANDRADE TRANSPORTES LTDRUA 29                                  SETOR SUL      76382181GOIANESIA      GO0000000000000000                                                                       
1040001300066R 01000000000000000000000000000000000000000000000000223112018000000000000200                                                                                                                                                       
1040001300067P 0101298027300700000000000140000000000280411122028041          2312201800000000000590000000099N2303201822312201800000000000060000000000000000000000000000000000000000000000000000000028041                    3001090090000000000 
1040001300068Q 012027323413000163AURELIANO LIMA E ANDRADE TRANSPORTES LTDRUA 29                                  SETOR SUL      76382181GOIANESIA      GO0000000000000000                                                                       
1040001300069R 01000000000000000000000000000000000000000000000000223122018000000000000200                                                                                                                                                       
1040001300070P 0101298027300700000000000140000000000280421122028042          2301201900000000000590000000099N2303201822301201900000000000060000000000000000000000000000000000000000000000000000000028042                    3001090090000000000 
1040001300071Q 012027323413000163AURELIANO LIMA E ANDRADE TRANSPORTES LTDRUA 29                                  SETOR SUL      76382181GOIANESIA      GO0000000000000000                                                                       
1040001300072R 01000000000000000000000000000000000000000000000000223012019000000000000200                                                                                                                                                       
1040001300073P 0101298027300700000000000140000000000280431122028043          2302201900000000000590000000099N2303201822302201900000000000060000000000000000000000000000000000000000000000000000000028043                    3001090090000000000 
1040001300074Q 012027323413000163AURELIANO LIMA E ANDRADE TRANSPORTES LTDRUA 29                                  SETOR SUL      76382181GOIANESIA      GO0000000000000000                                                                       
1040001300075R 01000000000000000000000000000000000000000000000000223022019000000000000200                                                                                                                                                       
1040001300076P 0101298027300700000000000140000000000280441122028044          2303201900000000000590000000099N2303201822303201900000000000060000000000000000000000000000000000000000000000000000000028044                    3001090090000000000 
1040001300077Q 012027323413000163AURELIANO LIMA E ANDRADE TRANSPORTES LTDRUA 29                                  SETOR SUL      76382181GOIANESIA      GO0000000000000000                                                                       
1040001300078R 01000000000000000000000000000000000000000000000000223032019000000000000200                                                                                                                                                       
1040001300079P 0101298027300700000000000140000000000280451122028045          2304201900000000000590000000099N2303201822304201900000000000060000000000000000000000000000000000000000000000000000000028045                    3001090090000000000 
1040001300080Q 012027323413000163AURELIANO LIMA E ANDRADE TRANSPORTES LTDRUA 29                                  SETOR SUL      76382181GOIANESIA      GO0000000000000000                                                                       
1040001300081R 01000000000000000000000000000000000000000000000000223042019000000000000200                                                                                                                                                       
1040001300082P 0101298027300700000000000140000000000280461122028046          2903201800000000078470000000099N2303201822903201800000000000060000000000000000000000000000000000000000000000000000000028046                    3001090090000000000 
1040001300083Q 012002635522004930JALLES MACHADO S/A UNIDADE OTAVIO LAGE  RODOVIA GO 338                          ZONA RURAL     76380000GOIANESIA      GO0000000000000000                                                                       
1040001300084R 01000000000000000000000000000000000000000000000000229032018000000000000200                                                                                                                                                       
1040001300085P 0101298027300700000000000140000000000280471122028047          1004201800000000002500000000099N2303201821004201800000000000060000000000000000000000000000000000000000000000000000000028047                    3001090090000000000 
1040001300086Q 011000000985700130RODRIGO FERNANDES BORGES                RUA PROCOPIO DE BARROS                  CENTRO         76390000BARRO ALTO     GO0000000000000000                                                                       
1040001300087R 01000000000000000000000000000000000000000000000000210042018000000000000200                                                                                                                                                       
1040001300088P 0101298027300700000000000140000000000280481122028048          2005201800000000000599000000099N2303201822005201800000000000060000000000000000000000000000000000000000000000000000000028048                    3001090090000000000 
1040001300089Q 011000000985700130RODRIGO FERNANDES BORGES                RUA PROCOPIO DE BARROS                  CENTRO         76390000BARRO ALTO     GO0000000000000000                                                                       
1040001300090R 01000000000000000000000000000000000000000000000000220052018000000000000200                                                                                                                                                       
1040001300091P 0101298027300700000000000140000000000280491122028049          2006201800000000000599000000099N2303201822006201800000000000060000000000000000000000000000000000000000000000000000000028049                    3001090090000000000 
1040001300092Q 011000000985700130RODRIGO FERNANDES BORGES                RUA PROCOPIO DE BARROS                  CENTRO         76390000BARRO ALTO     GO0000000000000000                                                                       
1040001300093R 01000000000000000000000000000000000000000000000000220062018000000000000200                                                                                                                                                       
1040001300094P 0101298027300700000000000140000000000280501122028050          2007201800000000000599000000099N2303201822007201800000000000060000000000000000000000000000000000000000000000000000000028050                    3001090090000000000 
1040001300095Q 011000000985700130RODRIGO FERNANDES BORGES                RUA PROCOPIO DE BARROS                  CENTRO         76390000BARRO ALTO     GO0000000000000000                                                                       
1040001300096R 01000000000000000000000000000000000000000000000000220072018000000000000200                                                                                                                                                       
1040001300097P 0101298027300700000000000140000000000280511122028051          2008201800000000000599000000099N2303201822008201800000000000060000000000000000000000000000000000000000000000000000000028051                    3001090090000000000 
1040001300098Q 011000000985700130RODRIGO FERNANDES BORGES                RUA PROCOPIO DE BARROS                  CENTRO         76390000BARRO ALTO     GO0000000000000000                                                                       
1040001300099R 01000000000000000000000000000000000000000000000000220082018000000000000200                                                                                                                                                       
1040001300100P 0101298027300700000000000140000000000280521122028052          2009201800000000000599000000099N2303201822009201800000000000060000000000000000000000000000000000000000000000000000000028052                    3001090090000000000 
1040001300101Q 011000000985700130RODRIGO FERNANDES BORGES                RUA PROCOPIO DE BARROS                  CENTRO         76390000BARRO ALTO     GO0000000000000000                                                                       
1040001300102R 01000000000000000000000000000000000000000000000000220092018000000000000200                                                                                                                                                       
1040001300103P 0101298027300700000000000140000000000280531122028053          2010201800000000000599000000099N2303201822010201800000000000060000000000000000000000000000000000000000000000000000000028053                    3001090090000000000 
1040001300104Q 011000000985700130RODRIGO FERNANDES BORGES                RUA PROCOPIO DE BARROS                  CENTRO         76390000BARRO ALTO     GO0000000000000000                                                                       
1040001300105R 01000000000000000000000000000000000000000000000000220102018000000000000200                                                                                                                                                       
1040001300106P 0101298027300700000000000140000000000280541122028054          2011201800000000000599000000099N2303201822011201800000000000060000000000000000000000000000000000000000000000000000000028054                    3001090090000000000 
1040001300107Q 011000000985700130RODRIGO FERNANDES BORGES                RUA PROCOPIO DE BARROS                  CENTRO         76390000BARRO ALTO     GO0000000000000000                                                                       
1040001300108R 01000000000000000000000000000000000000000000000000220112018000000000000200                                                                                                                                                       
1040001300109P 0101298027300700000000000140000000000280551122028055          2012201800000000000599000000099N2303201822012201800000000000060000000000000000000000000000000000000000000000000000000028055                    3001090090000000000 
1040001300110Q 011000000985700130RODRIGO FERNANDES BORGES                RUA PROCOPIO DE BARROS                  CENTRO         76390000BARRO ALTO     GO0000000000000000                                                                       
1040001300111R 01000000000000000000000000000000000000000000000000220122018000000000000200                                                                                                                                                       
1040001300112P 0101298027300700000000000140000000000280561122028056          2001201900000000000599000000099N2303201822001201900000000000060000000000000000000000000000000000000000000000000000000028056                    3001090090000000000 
1040001300113Q 011000000985700130RODRIGO FERNANDES BORGES                RUA PROCOPIO DE BARROS                  CENTRO         76390000BARRO ALTO     GO0000000000000000                                                                       
1040001300114R 01000000000000000000000000000000000000000000000000220012019000000000000200                                                                                                                                                       
1040001300115P 0101298027300700000000000140000000000280571122028057          2002201900000000000599000000099N2303201822002201900000000000060000000000000000000000000000000000000000000000000000000028057                    3001090090000000000 
1040001300116Q 011000000985700130RODRIGO FERNANDES BORGES                RUA PROCOPIO DE BARROS                  CENTRO         76390000BARRO ALTO     GO0000000000000000                                                                       
1040001300117R 01000000000000000000000000000000000000000000000000220022019000000000000200                                                                                                                                                       
1040001300118P 0101298027300700000000000140000000000280581122028058          2003201900000000000599000000099N2303201822003201900000000000060000000000000000000000000000000000000000000000000000000028058                    3001090090000000000 
1040001300119Q 011000000985700130RODRIGO FERNANDES BORGES                RUA PROCOPIO DE BARROS                  CENTRO         76390000BARRO ALTO     GO0000000000000000                                                                       
1040001300120R 01000000000000000000000000000000000000000000000000220032019000000000000200                                                                                                                                                       
1040001300121P 0101298027300700000000000140000000000280591122028059          2004201900000000000599000000099N2303201822004201900000000000060000000000000000000000000000000000000000000000000000000028059                    3001090090000000000 
1040001300122Q 011000000985700130RODRIGO FERNANDES BORGES                RUA PROCOPIO DE BARROS                  CENTRO         76390000BARRO ALTO     GO0000000000000000                                                                       
1040001300123R 01000000000000000000000000000000000000000000000000220042019000000000000200                                                                                                                                                       
1040001300124P 0101298027300700000000000140000000000280601122028060          2004201800000000000599000000099N2303201822004201800000000000060000000000000000000000000000000000000000000000000000000028060                    3001090090000000000 
1040001300125Q 011000000985700130RODRIGO FERNANDES BORGES                RUA PROCOPIO DE BARROS                  CENTRO         76390000BARRO ALTO     GO0000000000000000                                                                       
1040001300126R 01000000000000000000000000000000000000000000000000220042018000000000000200                                                                                                                                                       
1040001300127P 0101298027300700000000000140000000000280611122028061          1005201800000000000399000000099N2303201821005201800000000000060000000000000000000000000000000000000000000000000000000028061                    3001090090000000000 
1040001300128Q 011000000985700130RODRIGO FERNANDES BORGES                RUA PROCOPIO DE BARROS                  CENTRO         76390000BARRO ALTO     GO0000000000000000                                                                       
1040001300129R 01000000000000000000000000000000000000000000000000210052018000000000000200                                                                                                                                                       
1040001300130P 0101298027300700000000000140000000000280621122028062          1006201800000000000399000000099N2303201821006201800000000000060000000000000000000000000000000000000000000000000000000028062                    3001090090000000000 
1040001300131Q 011000000985700130RODRIGO FERNANDES BORGES                RUA PROCOPIO DE BARROS                  CENTRO         76390000BARRO ALTO     GO0000000000000000                                                                       
1040001300132R 01000000000000000000000000000000000000000000000000210062018000000000000200                                                                                                                                                       
1040001300133P 0101298027300700000000000140000000000280631122028063          1007201800000000000399000000099N2303201821007201800000000000060000000000000000000000000000000000000000000000000000000028063                    3001090090000000000 
1040001300134Q 011000000985700130RODRIGO FERNANDES BORGES                RUA PROCOPIO DE BARROS                  CENTRO         76390000BARRO ALTO     GO0000000000000000                                                                       
1040001300135R 01000000000000000000000000000000000000000000000000210072018000000000000200                                                                                                                                                       
1040001300136P 0101298027300700000000000140000000000280641122028064          1008201800000000000399000000099N2303201821008201800000000000060000000000000000000000000000000000000000000000000000000028064                    3001090090000000000 
1040001300137Q 011000000985700130RODRIGO FERNANDES BORGES                RUA PROCOPIO DE BARROS                  CENTRO         76390000BARRO ALTO     GO0000000000000000                                                                       
1040001300138R 01000000000000000000000000000000000000000000000000210082018000000000000200                                                                                                                                                       
1040001300139P 0101298027300700000000000140000000000280651122028065          1009201800000000000399000000099N2303201821009201800000000000060000000000000000000000000000000000000000000000000000000028065                    3001090090000000000 
1040001300140Q 011000000985700130RODRIGO FERNANDES BORGES                RUA PROCOPIO DE BARROS                  CENTRO         76390000BARRO ALTO     GO0000000000000000                                                                       
1040001300141R 01000000000000000000000000000000000000000000000000210092018000000000000200                                                                                                                                                       
1040001300142P 0101298027300700000000000140000000000280661122028066          1010201800000000000399000000099N2303201821010201800000000000060000000000000000000000000000000000000000000000000000000028066                    3001090090000000000 
1040001300143Q 011000000985700130RODRIGO FERNANDES BORGES                RUA PROCOPIO DE BARROS                  CENTRO         76390000BARRO ALTO     GO0000000000000000                                                                       
1040001300144R 01000000000000000000000000000000000000000000000000210102018000000000000200                                                                                                                                                       
1040001300145P 0101298027300700000000000140000000000280671122028067          1011201800000000000399000000099N2303201821011201800000000000060000000000000000000000000000000000000000000000000000000028067                    3001090090000000000 
1040001300146Q 011000000985700130RODRIGO FERNANDES BORGES                RUA PROCOPIO DE BARROS                  CENTRO         76390000BARRO ALTO     GO0000000000000000                                                                       
1040001300147R 01000000000000000000000000000000000000000000000000210112018000000000000200                                                                                                                                                       
1040001300148P 0101298027300700000000000140000000000280681122028068          1012201800000000000399000000099N2303201821012201800000000000060000000000000000000000000000000000000000000000000000000028068                    3001090090000000000 
1040001300149Q 011000000985700130RODRIGO FERNANDES BORGES                RUA PROCOPIO DE BARROS                  CENTRO         76390000BARRO ALTO     GO0000000000000000                                                                       
1040001300150R 01000000000000000000000000000000000000000000000000210122018000000000000200                                                                                                                                                       
1040001300151P 0101298027300700000000000140000000000280691122028069          1001201900000000000399000000099N2303201821001201900000000000060000000000000000000000000000000000000000000000000000000028069                    3001090090000000000 
1040001300152Q 011000000985700130RODRIGO FERNANDES BORGES                RUA PROCOPIO DE BARROS                  CENTRO         76390000BARRO ALTO     GO0000000000000000                                                                       
1040001300153R 01000000000000000000000000000000000000000000000000210012019000000000000200                                                                                                                                                       
1040001300154P 0101298027300700000000000140000000000280701122028070          1002201900000000000399000000099N2303201821002201900000000000060000000000000000000000000000000000000000000000000000000028070                    3001090090000000000 
1040001300155Q 011000000985700130RODRIGO FERNANDES BORGES                RUA PROCOPIO DE BARROS                  CENTRO         76390000BARRO ALTO     GO0000000000000000                                                                       
1040001300156R 01000000000000000000000000000000000000000000000000210022019000000000000200                                                                                                                                                       
1040001300157P 0101298027300700000000000140000000000280711122028071          1003201900000000000399000000099N2303201821003201900000000000060000000000000000000000000000000000000000000000000000000028071                    3001090090000000000 
1040001300158Q 011000000985700130RODRIGO FERNANDES BORGES                RUA PROCOPIO DE BARROS                  CENTRO         76390000BARRO ALTO     GO0000000000000000                                                                       
1040001300159R 01000000000000000000000000000000000000000000000000210032019000000000000200                                                                                                                                                       
10400015         000161000053000000000011289600000000000000000000000000000000000000000000000                                                                                                                                                    
10499999         000001000163                                                                                                                                                                                                                   