10400000         2116559540001590000000000000000000001298027300700000000FEDERAL SISTEMAS              CAIXA ECONOMICA FEDERAL                 11801201817145700000405000000                    REMESSA-PRODUCAO                                 
10400011R0100030 20116559540001592730070000000000000001298027300700000000FEDERAL SISTEMAS                                                                                              000000041801201800000000                                 
1040001300001P 0101298027300700000000000140000000000246841122024684          1501201800000000003800000000099N1201201820602201700000000000000000000000000000000000000000000000000000000000000000000024684                    3001030090000000000 
1040001300002Q 012018765152000140CAMILA REGO DA SILVA ARAGAO ME          RUA JOAO MARTINS DO REGO, 4636          SANTA ISABEL   64053120TERESINA       PI0000000000000000                                                                       
1040001300003R 01000000000000000000000000000000000000000000000000206022017000000000000200                                                                                                                                                       
10400015         000005000001000000000000380000000000000000000000000000000000000000000000000                                                                                                                                                    
10499999         000001000007                                                                                                                                                                                                                   