10400000         2116559540001590000000000000000000001298027300700000000FEDERAL SISTEMAS              CAIXA ECONOMICA FEDERAL                 11902201809263300002205000000                    REMESSA-PRODUCAO                                 
10400011R0100030 20116559540001592730070000000000000001298027300700000000FEDERAL SISTEMAS                                                                                              000000221902201800000000                                 
1040001300001P 0101298027300700000000000140000000000262121122026212          2003201800000000002500000000099N1602201822003201800000000000000000000000000000000000000000000000000000000000000000000026212                    3001700090000000000 
1040001300002Q 012017339651000103AGNALDO SEBASTIAO DA SILVA ME           RUA 10 A QD 363 LT 32 N 32              ITAPUA         76380000GOIANESIA     GO0000000000000000                                                                       0
1040001300003R 01000000000000000000000000000000000000000000000000220032018000000000000200                                                                                                                                                       
1040001300004P 0101298027300700000000000140000000000262131122026213          2003201800000000000590000000099N1602201822003201800000000000000000000000000000000000000000000000000000000000000000000026213                    3001700090000000000 
1040001300005Q 012017339651000103AGNALDO SEBASTIAO DA SILVA ME           RUA 10 A QD 363 LT 32 N 32              ITAPUA         76380000GOIANESIA     GO0000000000000000                                                                       0
1040001300006R 01000000000000000000000000000000000000000000000000220032018000000000000200                                                                                                                                                       
1040001300007P 0101298027300700000000000140000000000262141122026214          2004201800000000000590000000099N1602201822004201800000000000000000000000000000000000000000000000000000000000000000000026214                    3001700090000000000 
1040001300008Q 012017339651000103AGNALDO SEBASTIAO DA SILVA ME           RUA 10 A QD 363 LT 32 N 32              ITAPUA         76380000GOIANESIA     GO0000000000000000                                                                       0
1040001300009R 01000000000000000000000000000000000000000000000000220042018000000000000200                                                                                                                                                       
1040001300010P 0101298027300700000000000140000000000262151122026215          2005201800000000000590000000099N1602201822005201800000000000000000000000000000000000000000000000000000000000000000000026215                    3001700090000000000 
1040001300011Q 012017339651000103AGNALDO SEBASTIAO DA SILVA ME           RUA 10 A QD 363 LT 32 N 32              ITAPUA         76380000GOIANESIA     GO0000000000000000                                                                       0
1040001300012R 01000000000000000000000000000000000000000000000000220052018000000000000200                                                                                                                                                       
1040001300013P 0101298027300700000000000140000000000262161122026216          2006201800000000000590000000099N1602201822006201800000000000000000000000000000000000000000000000000000000000000000000026216                    3001700090000000000 
1040001300014Q 012017339651000103AGNALDO SEBASTIAO DA SILVA ME           RUA 10 A QD 363 LT 32 N 32              ITAPUA         76380000GOIANESIA     GO0000000000000000                                                                       0
1040001300015R 01000000000000000000000000000000000000000000000000220062018000000000000200                                                                                                                                                       
1040001300016P 0101298027300700000000000140000000000262171122026217          2007201800000000000590000000099N1602201822007201800000000000000000000000000000000000000000000000000000000000000000000026217                    3001700090000000000 
1040001300017Q 012017339651000103AGNALDO SEBASTIAO DA SILVA ME           RUA 10 A QD 363 LT 32 N 32              ITAPUA         76380000GOIANESIA     GO0000000000000000                                                                       0
1040001300018R 01000000000000000000000000000000000000000000000000220072018000000000000200                                                                                                                                                       
1040001300019P 0101298027300700000000000140000000000262181122026218          2008201800000000000590000000099N1602201822008201800000000000000000000000000000000000000000000000000000000000000000000026218                    3001700090000000000 
1040001300020Q 012017339651000103AGNALDO SEBASTIAO DA SILVA ME           RUA 10 A QD 363 LT 32 N 32              ITAPUA         76380000GOIANESIA     GO0000000000000000                                                                       0
1040001300021R 01000000000000000000000000000000000000000000000000220082018000000000000200                                                                                                                                                       
1040001300022P 0101298027300700000000000140000000000262191122026219          2009201800000000000590000000099N1602201822009201800000000000000000000000000000000000000000000000000000000000000000000026219                    3001700090000000000 
1040001300023Q 012017339651000103AGNALDO SEBASTIAO DA SILVA ME           RUA 10 A QD 363 LT 32 N 32              ITAPUA         76380000GOIANESIA     GO0000000000000000                                                                       0
1040001300024R 01000000000000000000000000000000000000000000000000220092018000000000000200                                                                                                                                                       
1040001300025P 0101298027300700000000000140000000000262201122026220          2010201800000000000590000000099N1602201822010201800000000000000000000000000000000000000000000000000000000000000000000026220                    3001700090000000000 
1040001300026Q 012017339651000103AGNALDO SEBASTIAO DA SILVA ME           RUA 10 A QD 363 LT 32 N 32              ITAPUA         76380000GOIANESIA     GO0000000000000000                                                                       0
1040001300027R 01000000000000000000000000000000000000000000000000220102018000000000000200                                                                                                                                                       
1040001300028P 0101298027300700000000000140000000000262211122026221          2011201800000000000590000000099N1602201822011201800000000000000000000000000000000000000000000000000000000000000000000026221                    3001700090000000000 
1040001300029Q 012017339651000103AGNALDO SEBASTIAO DA SILVA ME           RUA 10 A QD 363 LT 32 N 32              ITAPUA         76380000GOIANESIA     GO0000000000000000                                                                       0
1040001300030R 01000000000000000000000000000000000000000000000000220112018000000000000200                                                                                                                                                       
1040001300031P 0101298027300700000000000140000000000262221122026222          2012201800000000000590000000099N1602201822012201800000000000000000000000000000000000000000000000000000000000000000000026222                    3001700090000000000 
1040001300032Q 012017339651000103AGNALDO SEBASTIAO DA SILVA ME           RUA 10 A QD 363 LT 32 N 32              ITAPUA         76380000GOIANESIA     GO0000000000000000                                                                       0
1040001300033R 01000000000000000000000000000000000000000000000000220122018000000000000200                                                                                                                                                       
1040001300034P 0101298027300700000000000140000000000262231122026223          2001201900000000000590000000099N1602201822001201900000000000000000000000000000000000000000000000000000000000000000000026223                    3001700090000000000 
1040001300035Q 012017339651000103AGNALDO SEBASTIAO DA SILVA ME           RUA 10 A QD 363 LT 32 N 32              ITAPUA         76380000GOIANESIA     GO0000000000000000                                                                       0
1040001300036R 01000000000000000000000000000000000000000000000000220012019000000000000200                                                                                                                                                       
1040001300037P 0101298027300700000000000140000000000262241122026224          2002201900000000000590000000099N1602201822002201900000000000000000000000000000000000000000000000000000000000000000000026224                    3001700090000000000 
1040001300038Q 012017339651000103AGNALDO SEBASTIAO DA SILVA ME           RUA 10 A QD 363 LT 32 N 32              ITAPUA         76380000GOIANESIA     GO0000000000000000                                                                       0
1040001300039R 01000000000000000000000000000000000000000000000000220022019000000000000200                                                                                                                                                       
1040001300040P 0101298027300700000000000140000000000262251122026225          1501201800000000000299000000099N1602201821501201800000000000000000000000000000000000000000000000000000000000000000000026225                    3001700090000000000 
1040001300041Q 011000003712586183EDUARDO SILVA FREITAS                   RUA NITEROI QD 138 LT 13               PARQUE AMAZÔNI74843160GOIANIA       GO0000000000000000                                                                       00
1040001300042R 01000000000000000000000000000000000000000000000000215012018000000000000200                                                                                                                                                       
1040001300043P 0101298027300700000000000140000000000262261122026226          1502201800000000000299000000099N1602201821502201800000000000000000000000000000000000000000000000000000000000000000000026226                    3001700090000000000 
1040001300044Q 011000003712586183EDUARDO SILVA FREITAS                   RUA NITEROI QD 138 LT 13               PARQUE AMAZÔNI74843160GOIANIA       GO0000000000000000                                                                       00
1040001300045R 01000000000000000000000000000000000000000000000000215022018000000000000200                                                                                                                                                       
1040001300046P 0101298027300700000000000140000000000262271122026227          1702201800000000001310000000099N1602201821702201800000000000000000000000000000000000000000000000000000000000000000000026227                    3001700090000000000 
1040001300047Q 012022253549000120MAXIMILIAN SEREJO BOAZ 02590275374      AV DOS HOLANDESES                       CALHAU         65071380SAO LUIS     MA0000000000000000                                                                       00
1040001300048R 01000000000000000000000000000000000000000000000000217022018000000000000200                                                                                                                                                       
10400015         000050000016000000000001148800000000000000000000000000000000000000000000000                                                                                                                                                    
10499999         000001000052                                                                                                                                                                                                                   