10400000         2116559540001590000000000000000000001298027300700000000FEDERAL SISTEMAS              CAIXA ECONOMICA FEDERAL                 10602201816434900001305000000                    REMESSA-PRODUCAO                                 
10400011R0100030 20116559540001592730070000000000000001298027300700000000FEDERAL SISTEMAS                                                                                              000000130602201800000000                                 
1040001300001P 0101298027300700000000000140000000000253571122025357          1002201800000000043707000000099N0502201821002201800000000000000000000000000000000000000000000000000000000000000000000025357                    3001700090000000000 
1040001300002Q 012020771562000146LOCALIZA GOIAS LTDA - ME                Q3 LT115 SALA 302                       SETOR COIMBRA  74535270GOIANIA       GO0000000000000000                                                                       0
1040001300003R 01000000000000000000000000000000000000000000000000210022018000000000000200                                                                                                                                                       
1040001300004P 0101298027300700000000000140000000000253701122025370          1002201800000000021144000000099N0502201821002201800000000000000000000000000000000000000000000000000000000000000000000025370                    3001700090000000000 
1040001300005Q 012018707079000150SYSROTA EIRELI - ME                     AVENIDA PRESIDENTE JOAO GOULART        RESIDENCIAL MAR74968890APARECIDA DE GOGO0000000000000000                                                                       0
1040001300006R 01000000000000000000000000000000000000000000000000210022018000000000000200                                                                                                                                                       
1040001300007P 0101298027300700000000000140000000000253981122025398          1002201800000000051988000000099N0502201821002201800000000000000000000000000000000000000000000000000000000000000000000025398                    3001700090000000000 
1040001300008Q 011000006751341610CRISTIANO RODRIGO DE MORAES BORGES      AVENIDA PADRE VICENTE PRIANT            URCIANO LEMOS  38181154ARAXA         MG0000000000000000                                                                       0
1040001300009R 01000000000000000000000000000000000000000000000000210022018000000000000200                                                                                                                                                       
1040001300010P 0101298027300700000000000140000000000253991122025399          1002201800000000033726800000099N0502201821002201800000000000000000000000000000000000000000000000000000000000000000000025399                    3001700090000000000 
1040001300011Q 011000065973232204CARLOS DEANE LIMA DE SOUZA              RUA DONA BEIJA                          BAIRRO DA PAZ  69048300MANAUS         AM0000000000000000                                                                       
1040001300012R 01000000000000000000000000000000000000000000000000210022018000000000000200                                                                                                                                                       
1040001300013P 0101298027300700000000000140000000000254041122025404          1002201800000000028929000000099N0502201821002201800000000000000000000000000000000000000000000000000000000000000000000025404                    3001700090000000000 
1040001300014Q 011000060005553342JOSE AIRTON DE SOUSA ALMEIDA            RUA 14A NÂ°35 INDUSTRIAL                INDUSTRIAL     61925300MARACANAU     CE0000000000000000                                                                       0
1040001300015R 01000000000000000000000000000000000000000000000000210022018000000000000200                                                                                                                                                       
1040001300016P 0101298027300700000000000140000000000254141122025414          1002201800000000021021000000099N0502201821002201800000000000000000000000000000000000000000000000000000000000000000000025414                    3001700090000000000 
1040001300017Q 011000003908501369PEDRO HENRIQUE BESSA GURGEL             RUA CORONEL NUNES DE MELO,              RODOLFO TEOFILO60430270FORTALEZA      CE0000000000000000                                                                       
1040001300018R 01000000000000000000000000000000000000000000000000210022018000000000000200                                                                                                                                                       
1040001300019P 0101298027300700000000000140000000000254251122025425          1002201800000000112414000000099N0502201821002201800000000000000000000000000000000000000000000000000000000000000000000025425                    3001700090000000000 
1040001300020Q 012015686018000166SRS TECNOLOGIA E SEGURANCA-SAMUEL      RUA SIMÃµES FILHO,BAIRRO - PRAÃ§A KENNEDPRACA KENNEDY 48020540ALAGOINHAS     BA0000000000000000                                                                       00
1040001300021R 01000000000000000000000000000000000000000000000000210022018000000000000200                                                                                                                                                       
1040001300022P 0101298027300700000000000140000000000254291122025429          1002201800000000029292000000099N0502201821002201800000000000000000000000000000000000000000000000000000000000000000000025429                    3001700090000000000 
1040001300023Q 012022790326000100ULTRA SOLUÃ‡Ã•ES EM SERVIÃ‡OS DA TECNOLOAV. TORQUATRO TAPAJOS NÂº6740 -TERRA NOVTERRA NOVA     69093415MANAUS         AM0000000000000000                                                                       
1040001300024R 01000000000000000000000000000000000000000000000000210022018000000000000200                                                                                                                                                       
1040001300025P 0101298027300700000000000140000000000254631122025463          1002201800000000022454000000099N0502201821002201800000000000000000000000000000000000000000000000000000000000000000000025463                    3001700090000000000 
1040001300026Q 011000067147909372LEANDRO ROSA DE LIMA                    RUA MARCILIO DIAS NÂ°419 JACARECANGA    JACARECANGA    60310750FORTALEZA      CE0000000000000000                                                                       
1040001300027R 01000000000000000000000000000000000000000000000000210022018000000000000200                                                                                                                                                       
1040001300028P 0101298027300700000000000140000000000254751122025475          1002201800000000024695400000099N0502201821002201800000000000000000000000000000000000000000000000000000000000000000000025475                    3001700090000000000 
1040001300029Q 012025344785000140JOSE MAGNO FERREIRA DA SILVA            RUA CIDADE CONCEICAO                  BAIRRO DAS INDÃ58083515JOAO PESSOA   PB0000000000000000                                                                       000
1040001300030R 01000000000000000000000000000000000000000000000000210022018000000000000200                                                                                                                                                       
1040001300031P 0101298027300700000000000140000000000255261122025526          1002201800000000025325400000099N0502201821002201800000000000000000000000000000000000000000000000000000000000000000000025526                    3001700090000000000 
1040001300032Q 011000026855918859ALISON FERNADO DE MORAES                RUA JOAO VIERA PRIOSTE                  VILA CARRAO    03429000SAO PAULO     SP0000000000000000                                                                       0
1040001300033R 01000000000000000000000000000000000000000000000000210022018000000000000200                                                                                                                                                       
1040001300034P 0101298027300700000000000140000000000255491122025549          1002201800000000128013000000099N0502201821002201800000000000000000000000000000000000000000000000000000000000000000000025549                    3001700090000000000 
1040001300035Q 012015378957000143FERNANDO REIS DA SILVA - MEGA TURBONET  RUA MARIO ALFREDO                       CONQUISTA      45650800ILHEUS        BA0000000000000000                                                                       0
1040001300036R 01000000000000000000000000000000000000000000000000210022018000000000000200                                                                                                                                                       
1040001300037P 0101298027300700000000000140000000000256701122025670          1002201800000000088454000000099N0502201821002201800000000000000000000000000000000000000000000000000000000000000000000025670                    3001700090000000000 
1040001300038Q 012019142481000106RB TECNOLOGIA DA INFORMACAO EIRELI - ME R FRANCISCO XAVIER AMBROSIO             LORENZETTI     17506460MARILIA       SP0000000000000000                                                                       0
1040001300039R 01000000000000000000000000000000000000000000000000210022018000000000000200                                                                                                                                                       
10400015         000041000013000000000063116360000000000000000000000000000000000000000000000                                                                                                                                                    
10499999         000001000043                                                                                                                                                                                                                   