10400000         2116559540001590000000000000000000001298027300700000000FEDERAL SISTEMAS              CAIXA ECONOMICA FEDERAL                 12305201806541200010205000000                    REMESSA-PRODUCAO                                 
10400011R0100030 20116559540001592730070000000000000001298027300700000000FEDERAL SISTEMAS                                                                                              000001022305201800000000                                 
1040001300001P 0101298027300700000000000140000000000311531122031153          2005201800000000000590000000099N1105201822005201800000000000060000000000000000000000000000000000000000000000000000000031153                    3001029090000000000 
1040001300002Q 012027296849000100TUTI LOCACAO E TRANSPORTES EIRELI - ME  RUA LAURENTINO MARTINS RODRIGUES QD 6   CENTRO         76395000SANTA RITA DO NGO0000000000000000                                                                       
1040001300003R 01000000000000000000000000000000000000000000000000220052018000000000000200                                                                                                                                                       
1040001300004P 0101298027300700000000000140000000000311541122031154          2006201800000000000590000000099N1105201822006201800000000000060000000000000000000000000000000000000000000000000000000031154                    3001029090000000000 
1040001300005Q 012027296849000100TUTI LOCACAO E TRANSPORTES EIRELI - ME  RUA LAURENTINO MARTINS RODRIGUES QD 6   CENTRO         76395000SANTA RITA DO NGO0000000000000000                                                                       
1040001300006R 01000000000000000000000000000000000000000000000000220062018000000000000200                                                                                                                                                       
1040001300007P 0101298027300700000000000140000000000311551122031155          2007201800000000000590000000099N1105201822007201800000000000060000000000000000000000000000000000000000000000000000000031155                    3001029090000000000 
1040001300008Q 012027296849000100TUTI LOCACAO E TRANSPORTES EIRELI - ME  RUA LAURENTINO MARTINS RODRIGUES QD 6   CENTRO         76395000SANTA RITA DO NGO0000000000000000                                                                       
1040001300009R 01000000000000000000000000000000000000000000000000220072018000000000000200                                                                                                                                                       
1040001300010P 0101298027300700000000000140000000000311561122031156          2008201800000000000590000000099N1105201822008201800000000000060000000000000000000000000000000000000000000000000000000031156                    3001029090000000000 
1040001300011Q 012027296849000100TUTI LOCACAO E TRANSPORTES EIRELI - ME  RUA LAURENTINO MARTINS RODRIGUES QD 6   CENTRO         76395000SANTA RITA DO NGO0000000000000000                                                                       
1040001300012R 01000000000000000000000000000000000000000000000000220082018000000000000200                                                                                                                                                       
1040001300013P 0101298027300700000000000140000000000311571122031157          2009201800000000000590000000099N1105201822009201800000000000060000000000000000000000000000000000000000000000000000000031157                    3001029090000000000 
1040001300014Q 012027296849000100TUTI LOCACAO E TRANSPORTES EIRELI - ME  RUA LAURENTINO MARTINS RODRIGUES QD 6   CENTRO         76395000SANTA RITA DO NGO0000000000000000                                                                       
1040001300015R 01000000000000000000000000000000000000000000000000220092018000000000000200                                                                                                                                                       
1040001300016P 0101298027300700000000000140000000000311581122031158          2010201800000000000590000000099N1105201822010201800000000000060000000000000000000000000000000000000000000000000000000031158                    3001029090000000000 
1040001300017Q 012027296849000100TUTI LOCACAO E TRANSPORTES EIRELI - ME  RUA LAURENTINO MARTINS RODRIGUES QD 6   CENTRO         76395000SANTA RITA DO NGO0000000000000000                                                                       
1040001300018R 01000000000000000000000000000000000000000000000000220102018000000000000200                                                                                                                                                       
1040001300019P 0101298027300700000000000140000000000311591122031159          2011201800000000000590000000099N1105201822011201800000000000060000000000000000000000000000000000000000000000000000000031159                    3001029090000000000 
1040001300020Q 012027296849000100TUTI LOCACAO E TRANSPORTES EIRELI - ME  RUA LAURENTINO MARTINS RODRIGUES QD 6   CENTRO         76395000SANTA RITA DO NGO0000000000000000                                                                       
1040001300021R 01000000000000000000000000000000000000000000000000220112018000000000000200                                                                                                                                                       
1040001300022P 0101298027300700000000000140000000000311601122031160          2012201800000000000590000000099N1105201822012201800000000000060000000000000000000000000000000000000000000000000000000031160                    3001029090000000000 
1040001300023Q 012027296849000100TUTI LOCACAO E TRANSPORTES EIRELI - ME  RUA LAURENTINO MARTINS RODRIGUES QD 6   CENTRO         76395000SANTA RITA DO NGO0000000000000000                                                                       
1040001300024R 01000000000000000000000000000000000000000000000000220122018000000000000200                                                                                                                                                       
1040001300025P 0101298027300700000000000140000000000311611122031161          2001201900000000000590000000099N1105201822001201900000000000060000000000000000000000000000000000000000000000000000000031161                    3001029090000000000 
1040001300026Q 012027296849000100TUTI LOCACAO E TRANSPORTES EIRELI - ME  RUA LAURENTINO MARTINS RODRIGUES QD 6   CENTRO         76395000SANTA RITA DO NGO0000000000000000                                                                       
1040001300027R 01000000000000000000000000000000000000000000000000220012019000000000000200                                                                                                                                                       
1040001300028P 0101298027300700000000000140000000000311621122031162          2002201900000000000590000000099N1105201822002201900000000000060000000000000000000000000000000000000000000000000000000031162                    3001029090000000000 
1040001300029Q 012027296849000100TUTI LOCACAO E TRANSPORTES EIRELI - ME  RUA LAURENTINO MARTINS RODRIGUES QD 6   CENTRO         76395000SANTA RITA DO NGO0000000000000000                                                                       
1040001300030R 01000000000000000000000000000000000000000000000000220022019000000000000200                                                                                                                                                       
1040001300031P 0101298027300700000000000140000000000311631122031163          2003201900000000000590000000099N1105201822003201900000000000060000000000000000000000000000000000000000000000000000000031163                    3001029090000000000 
1040001300032Q 012027296849000100TUTI LOCACAO E TRANSPORTES EIRELI - ME  RUA LAURENTINO MARTINS RODRIGUES QD 6   CENTRO         76395000SANTA RITA DO NGO0000000000000000                                                                       
1040001300033R 01000000000000000000000000000000000000000000000000220032019000000000000200                                                                                                                                                       
1040001300034P 0101298027300700000000000140000000000311641122031164          2004201900000000000590000000099N1105201822004201900000000000060000000000000000000000000000000000000000000000000000000031164                    3001029090000000000 
1040001300035Q 012027296849000100TUTI LOCACAO E TRANSPORTES EIRELI - ME  RUA LAURENTINO MARTINS RODRIGUES QD 6   CENTRO         76395000SANTA RITA DO NGO0000000000000000                                                                       
1040001300036R 01000000000000000000000000000000000000000000000000220042019000000000000200                                                                                                                                                       
1040001300037P 0101298027300700000000000140000000000311651122031165          2006201800000000001180000000099N1105201822006201800000000000060000000000000000000000000000000000000000000000000000000031165                    3001029090000000000 
1040001300038Q 012013151476000175HELMO CRISTINO DE ALVARENGA TRANS ME    RUA 20 N 325                            CENTRO         76380000GOIANESIA      GO0000000000000000                                                                       
1040001300039R 01000000000000000000000000000000000000000000000000220062018000000000000200                                                                                                                                                       
1040001300040P 0101298027300700000000000140000000000311661122031166          2007201800000000001180000000099N1105201822007201800000000000060000000000000000000000000000000000000000000000000000000031166                    3001029090000000000 
1040001300041Q 012013151476000175HELMO CRISTINO DE ALVARENGA TRANS ME    RUA 20 N 325                            CENTRO         76380000GOIANESIA      GO0000000000000000                                                                       
1040001300042R 01000000000000000000000000000000000000000000000000220072018000000000000200                                                                                                                                                       
1040001300043P 0101298027300700000000000140000000000311671122031167          2008201800000000001180000000099N1105201822008201800000000000060000000000000000000000000000000000000000000000000000000031167                    3001029090000000000 
1040001300044Q 012013151476000175HELMO CRISTINO DE ALVARENGA TRANS ME    RUA 20 N 325                            CENTRO         76380000GOIANESIA      GO0000000000000000                                                                       
1040001300045R 01000000000000000000000000000000000000000000000000220082018000000000000200                                                                                                                                                       
1040001300046P 0101298027300700000000000140000000000311681122031168          2009201800000000001180000000099N1105201822009201800000000000060000000000000000000000000000000000000000000000000000000031168                    3001029090000000000 
1040001300047Q 012013151476000175HELMO CRISTINO DE ALVARENGA TRANS ME    RUA 20 N 325                            CENTRO         76380000GOIANESIA      GO0000000000000000                                                                       
1040001300048R 01000000000000000000000000000000000000000000000000220092018000000000000200                                                                                                                                                       
1040001300049P 0101298027300700000000000140000000000311691122031169          2010201800000000001180000000099N1105201822010201800000000000060000000000000000000000000000000000000000000000000000000031169                    3001029090000000000 
1040001300050Q 012013151476000175HELMO CRISTINO DE ALVARENGA TRANS ME    RUA 20 N 325                            CENTRO         76380000GOIANESIA      GO0000000000000000                                                                       
1040001300051R 01000000000000000000000000000000000000000000000000220102018000000000000200                                                                                                                                                       
1040001300052P 0101298027300700000000000140000000000311701122031170          2011201800000000001180000000099N1105201822011201800000000000060000000000000000000000000000000000000000000000000000000031170                    3001029090000000000 
1040001300053Q 012013151476000175HELMO CRISTINO DE ALVARENGA TRANS ME    RUA 20 N 325                            CENTRO         76380000GOIANESIA      GO0000000000000000                                                                       
1040001300054R 01000000000000000000000000000000000000000000000000220112018000000000000200                                                                                                                                                       
1040001300055P 0101298027300700000000000140000000000311711122031171          2012201800000000001180000000099N1105201822012201800000000000060000000000000000000000000000000000000000000000000000000031171                    3001029090000000000 
1040001300056Q 012013151476000175HELMO CRISTINO DE ALVARENGA TRANS ME    RUA 20 N 325                            CENTRO         76380000GOIANESIA      GO0000000000000000                                                                       
1040001300057R 01000000000000000000000000000000000000000000000000220122018000000000000200                                                                                                                                                       
1040001300058P 0101298027300700000000000140000000000311721122031172          2001201900000000001180000000099N1105201822001201900000000000060000000000000000000000000000000000000000000000000000000031172                    3001029090000000000 
1040001300059Q 012013151476000175HELMO CRISTINO DE ALVARENGA TRANS ME    RUA 20 N 325                            CENTRO         76380000GOIANESIA      GO0000000000000000                                                                       
1040001300060R 01000000000000000000000000000000000000000000000000220012019000000000000200                                                                                                                                                       
1040001300061P 0101298027300700000000000140000000000311731122031173          2002201900000000001180000000099N1105201822002201900000000000060000000000000000000000000000000000000000000000000000000031173                    3001029090000000000 
1040001300062Q 012013151476000175HELMO CRISTINO DE ALVARENGA TRANS ME    RUA 20 N 325                            CENTRO         76380000GOIANESIA      GO0000000000000000                                                                       
1040001300063R 01000000000000000000000000000000000000000000000000220022019000000000000200                                                                                                                                                       
1040001300064P 0101298027300700000000000140000000000311741122031174          2003201900000000001180000000099N1105201822003201900000000000060000000000000000000000000000000000000000000000000000000031174                    3001029090000000000 
1040001300065Q 012013151476000175HELMO CRISTINO DE ALVARENGA TRANS ME    RUA 20 N 325                            CENTRO         76380000GOIANESIA      GO0000000000000000                                                                       
1040001300066R 01000000000000000000000000000000000000000000000000220032019000000000000200                                                                                                                                                       
1040001300067P 0101298027300700000000000140000000000311751122031175          2004201900000000001180000000099N1105201822004201900000000000060000000000000000000000000000000000000000000000000000000031175                    3001029090000000000 
1040001300068Q 012013151476000175HELMO CRISTINO DE ALVARENGA TRANS ME    RUA 20 N 325                            CENTRO         76380000GOIANESIA      GO0000000000000000                                                                       
1040001300069R 01000000000000000000000000000000000000000000000000220042019000000000000200                                                                                                                                                       
1040001300070P 0101298027300700000000000140000000000311761122031176          2005201900000000001180000000099N1105201822005201900000000000060000000000000000000000000000000000000000000000000000000031176                    3001029090000000000 
1040001300071Q 012013151476000175HELMO CRISTINO DE ALVARENGA TRANS ME    RUA 20 N 325                            CENTRO         76380000GOIANESIA      GO0000000000000000                                                                       
1040001300072R 01000000000000000000000000000000000000000000000000220052019000000000000200                                                                                                                                                       
1040001300073P 0101298027300700000000000140000000000311781122031178          1606201800000000001250000000099N1105201821606201800000000000060000000000000000000000000000000000000000000000000000000031178                    3001029090000000000 
1040001300074Q 011000036348465187VICENTE HERCULANO GONCALVES             AV JOAO BATISTA SOBRINHO N 1175         VILA REI       76340000CARMO DO RIO VEGO0000000000000000                                                                       
1040001300075R 01000000000000000000000000000000000000000000000000216062018000000000000200                                                                                                                                                       
1040001300076P 0101298027300700000000000140000000000311791122031179          1607201800000000001250000000099N1105201821607201800000000000060000000000000000000000000000000000000000000000000000000031179                    3001029090000000000 
1040001300077Q 011000036348465187VICENTE HERCULANO GONCALVES             AV JOAO BATISTA SOBRINHO N 1175         VILA REI       76340000CARMO DO RIO VEGO0000000000000000                                                                       
1040001300078R 01000000000000000000000000000000000000000000000000216072018000000000000200                                                                                                                                                       
10400015         000080000026000000000002374000000000000000000000000000000000000000000000000                                                                                                                                                    
10499999         000001000082                                                                                                                                                                                                                   