10400000         2116559540001590000000000000000000001298027300700000000FEDERAL SISTEMAS              CAIXA ECONOMICA FEDERAL                 10807201816080600014805000000                    REMESSA-PRODUCAO                                 
10400011R0100030 20116559540001592730070000000000000001298027300700000000FEDERAL SISTEMAS                                                                                              000001480807201800000000                                 
1040001300001P 0101298027300700000000000140000000000327841122032784          1008201800000000000090000000099N0207201821008201800000000000060000000000000000000000000000000000000000000000000000000032784                    3001029090000000000 
1040001300002Q 012003028434000198EMPREITEIRA MINEIRA LTDA                R RUA DAS ORQUIDEAS                     JARDIM AMELIA  76360000ITAPACI        GO0000000000000000                                                                       
1040001300003R 01000000000000000000000000000000000000000000000000210082018000000000000200                                                                                                                                                       
1040001300004P 0101298027300700000000000140000000000327851122032785          1009201800000000000590000000099N0207201821009201800000000000060000000000000000000000000000000000000000000000000000000032785                    3001029090000000000 
1040001300005Q 012003028434000198EMPREITEIRA MINEIRA LTDA                R RUA DAS ORQUIDEAS                     JARDIM AMELIA  76360000ITAPACI        GO0000000000000000                                                                       
1040001300006R 01000000000000000000000000000000000000000000000000210092018000000000000200                                                                                                                                                       
1040001300007P 0101298027300700000000000140000000000327861122032786          1010201800000000000590000000099N0207201821010201800000000000060000000000000000000000000000000000000000000000000000000032786                    3001029090000000000 
1040001300008Q 012003028434000198EMPREITEIRA MINEIRA LTDA                R RUA DAS ORQUIDEAS                     JARDIM AMELIA  76360000ITAPACI        GO0000000000000000                                                                       
1040001300009R 01000000000000000000000000000000000000000000000000210102018000000000000200                                                                                                                                                       
1040001300010P 0101298027300700000000000140000000000327871122032787          1011201800000000000590000000099N0207201821011201800000000000060000000000000000000000000000000000000000000000000000000032787                    3001029090000000000 
1040001300011Q 012003028434000198EMPREITEIRA MINEIRA LTDA                R RUA DAS ORQUIDEAS                     JARDIM AMELIA  76360000ITAPACI        GO0000000000000000                                                                       
1040001300012R 01000000000000000000000000000000000000000000000000210112018000000000000200                                                                                                                                                       
1040001300013P 0101298027300700000000000140000000000327881122032788          1012201800000000000590000000099N0207201821012201800000000000060000000000000000000000000000000000000000000000000000000032788                    3001029090000000000 
1040001300014Q 012003028434000198EMPREITEIRA MINEIRA LTDA                R RUA DAS ORQUIDEAS                     JARDIM AMELIA  76360000ITAPACI        GO0000000000000000                                                                       
1040001300015R 01000000000000000000000000000000000000000000000000210122018000000000000200                                                                                                                                                       
1040001300016P 0101298027300700000000000140000000000327891122032789          1001201900000000000590000000099N0207201821001201900000000000060000000000000000000000000000000000000000000000000000000032789                    3001029090000000000 
1040001300017Q 012003028434000198EMPREITEIRA MINEIRA LTDA                R RUA DAS ORQUIDEAS                     JARDIM AMELIA  76360000ITAPACI        GO0000000000000000                                                                       
1040001300018R 01000000000000000000000000000000000000000000000000210012019000000000000200                                                                                                                                                       
1040001300019P 0101298027300700000000000140000000000327901122032790          1002201900000000000590000000099N0207201821002201900000000000060000000000000000000000000000000000000000000000000000000032790                    3001029090000000000 
1040001300020Q 012003028434000198EMPREITEIRA MINEIRA LTDA                R RUA DAS ORQUIDEAS                     JARDIM AMELIA  76360000ITAPACI        GO0000000000000000                                                                       
1040001300021R 01000000000000000000000000000000000000000000000000210022019000000000000200                                                                                                                                                       
1040001300022P 0101298027300700000000000140000000000327911122032791          1003201900000000000590000000099N0207201821003201900000000000060000000000000000000000000000000000000000000000000000000032791                    3001029090000000000 
1040001300023Q 012003028434000198EMPREITEIRA MINEIRA LTDA                R RUA DAS ORQUIDEAS                     JARDIM AMELIA  76360000ITAPACI        GO0000000000000000                                                                       
1040001300024R 01000000000000000000000000000000000000000000000000210032019000000000000200                                                                                                                                                       
1040001300025P 0101298027300700000000000140000000000327921122032792          1004201900000000000590000000099N0207201821004201900000000000060000000000000000000000000000000000000000000000000000000032792                    3001029090000000000 
1040001300026Q 012003028434000198EMPREITEIRA MINEIRA LTDA                R RUA DAS ORQUIDEAS                     JARDIM AMELIA  76360000ITAPACI        GO0000000000000000                                                                       
1040001300027R 01000000000000000000000000000000000000000000000000210042019000000000000200                                                                                                                                                       
1040001300028P 0101298027300700000000000140000000000327931122032793          1005201900000000000590000000099N0207201821005201900000000000060000000000000000000000000000000000000000000000000000000032793                    3001029090000000000 
1040001300029Q 012003028434000198EMPREITEIRA MINEIRA LTDA                R RUA DAS ORQUIDEAS                     JARDIM AMELIA  76360000ITAPACI        GO0000000000000000                                                                       
1040001300030R 01000000000000000000000000000000000000000000000000210052019000000000000200                                                                                                                                                       
1040001300031P 0101298027300700000000000140000000000327941122032794          1006201900000000000590000000099N0207201821006201900000000000060000000000000000000000000000000000000000000000000000000032794                    3001029090000000000 
1040001300032Q 012003028434000198EMPREITEIRA MINEIRA LTDA                R RUA DAS ORQUIDEAS                     JARDIM AMELIA  76360000ITAPACI        GO0000000000000000                                                                       
1040001300033R 01000000000000000000000000000000000000000000000000210062019000000000000200                                                                                                                                                       
1040001300034P 0101298027300700000000000140000000000327951122032795          1007201900000000000590000000099N0207201821007201900000000000060000000000000000000000000000000000000000000000000000000032795                    3001029090000000000 
1040001300035Q 012003028434000198EMPREITEIRA MINEIRA LTDA                R RUA DAS ORQUIDEAS                     JARDIM AMELIA  76360000ITAPACI        GO0000000000000000                                                                       
1040001300036R 01000000000000000000000000000000000000000000000000210072019000000000000200                                                                                                                                                       
1040001300037P 0101298027300700000000000140000000000327961122032796          3008201800000000002000000000099N0207201823008201800000000000060000000000000000000000000000000000000000000000000000000032796                    3001029090000000000 
1040001300038Q 011000099376660153LUCIA DA COSTA ANDRADE SILVA            RUA DAS TORRES                          JARDIM PETROPOL76300000CERES          GO0000000000000000                                                                       
1040001300039R 01000000000000000000000000000000000000000000000000230082018000000000000200                                                                                                                                                       
1040001300040P 0101298027300700000000000140000000000327971122032797          1507201800000000058410000000099N0207201821507201800000000000060000000000000000000000000000000000000000000000000000000032797                    3001029090000000000 
1040001300041Q 012002460988000105USINA GOIANESIA SA                      RODOVIA GO 438 KM 12                    ZONA RURAL     76380000GOIANESIA      GO0000000000000000                                                                       
1040001300042R 01000000000000000000000000000000000000000000000000215072018000000000000200                                                                                                                                                       
1040001300043P 0101298027300700000000000140000000000327981122032798          2707201800000000040120000000099N0207201822707201800000000000060000000000000000000000000000000000000000000000000000000032798                    3001029090000000000 
1040001300044Q 012002199795000134EDMAR VILELA                            AVENIDA INDUSTRIAL N 221                CENTRO         76300000CERES          GO0000000000000000                                                                       
1040001300045R 01000000000000000000000000000000000000000000000000227072018000000000000200                                                                                                                                                       
1040001300046P 0101298027300700000000000140000000000327991122032799          2006201900000000000590000000099N0207201822006201900000000000060000000000000000000000000000000000000000000000000000000032799                    3001029090000000000 
1040001300047Q 012010510389000179POLIZELLI TRANSPORTES LTDA  - ME        AVENIDA CONTORNO                        MUNIZ FALCAO   76380000GOIANESIA      GO0000000000000000                                                                       
1040001300048R 01000000000000000000000000000000000000000000000000220062019000000000000200                                                                                                                                                       
1040001300049P 0101298027300700000000000140000000000328001122032800          2007201900000000000590000000099N0207201822007201900000000000060000000000000000000000000000000000000000000000000000000032800                    3001029090000000000 
1040001300050Q 012010510389000179POLIZELLI TRANSPORTES LTDA  - ME        AVENIDA CONTORNO                        MUNIZ FALCAO   76380000GOIANESIA      GO0000000000000000                                                                       
1040001300051R 01000000000000000000000000000000000000000000000000220072019000000000000200                                                                                                                                                       
1040001300052P 0101298027300700000000000140000000000328011122032801          2008201900000000000590000000099N0207201822008201900000000000060000000000000000000000000000000000000000000000000000000032801                    3001029090000000000 
1040001300053Q 012010510389000179POLIZELLI TRANSPORTES LTDA  - ME        AVENIDA CONTORNO                        MUNIZ FALCAO   76380000GOIANESIA      GO0000000000000000                                                                       
1040001300054R 01000000000000000000000000000000000000000000000000220082019000000000000200                                                                                                                                                       
1040001300055P 0101298027300700000000000140000000000328021122032802          2009201900000000000590000000099N0207201822009201900000000000060000000000000000000000000000000000000000000000000000000032802                    3001029090000000000 
1040001300056Q 012010510389000179POLIZELLI TRANSPORTES LTDA  - ME        AVENIDA CONTORNO                        MUNIZ FALCAO   76380000GOIANESIA      GO0000000000000000                                                                       
1040001300057R 01000000000000000000000000000000000000000000000000220092019000000000000200                                                                                                                                                       
1040001300058P 0101298027300700000000000140000000000328031122032803          2010201900000000000590000000099N0207201822010201900000000000060000000000000000000000000000000000000000000000000000000032803                    3001029090000000000 
1040001300059Q 012010510389000179POLIZELLI TRANSPORTES LTDA  - ME        AVENIDA CONTORNO                        MUNIZ FALCAO   76380000GOIANESIA      GO0000000000000000                                                                       
1040001300060R 01000000000000000000000000000000000000000000000000220102019000000000000200                                                                                                                                                       
1040001300061P 0101298027300700000000000140000000000328041122032804          2011201900000000000590000000099N0207201822011201900000000000060000000000000000000000000000000000000000000000000000000032804                    3001029090000000000 
1040001300062Q 012010510389000179POLIZELLI TRANSPORTES LTDA  - ME        AVENIDA CONTORNO                        MUNIZ FALCAO   76380000GOIANESIA      GO0000000000000000                                                                       
1040001300063R 01000000000000000000000000000000000000000000000000220112019000000000000200                                                                                                                                                       
1040001300064P 0101298027300700000000000140000000000328051122032805          2012201900000000000590000000099N0207201822012201900000000000060000000000000000000000000000000000000000000000000000000032805                    3001029090000000000 
1040001300065Q 012010510389000179POLIZELLI TRANSPORTES LTDA  - ME        AVENIDA CONTORNO                        MUNIZ FALCAO   76380000GOIANESIA      GO0000000000000000                                                                       
1040001300066R 01000000000000000000000000000000000000000000000000220122019000000000000200                                                                                                                                                       
1040001300067P 0101298027300700000000000140000000000328061122032806          2001202000000000000590000000099N0207201822001202000000000000060000000000000000000000000000000000000000000000000000000032806                    3001029090000000000 
1040001300068Q 012010510389000179POLIZELLI TRANSPORTES LTDA  - ME        AVENIDA CONTORNO                        MUNIZ FALCAO   76380000GOIANESIA      GO0000000000000000                                                                       
1040001300069R 01000000000000000000000000000000000000000000000000220012020000000000000200                                                                                                                                                       
1040001300070P 0101298027300700000000000140000000000328071122032807          2002202000000000000590000000099N0207201822002202000000000000060000000000000000000000000000000000000000000000000000000032807                    3001029090000000000 
1040001300071Q 012010510389000179POLIZELLI TRANSPORTES LTDA  - ME        AVENIDA CONTORNO                        MUNIZ FALCAO   76380000GOIANESIA      GO0000000000000000                                                                       
1040001300072R 01000000000000000000000000000000000000000000000000220022020000000000000200                                                                                                                                                       
1040001300073P 0101298027300700000000000140000000000328081122032808          2003202000000000000590000000099N0207201822003202000000000000060000000000000000000000000000000000000000000000000000000032808                    3001029090000000000 
1040001300074Q 012010510389000179POLIZELLI TRANSPORTES LTDA  - ME        AVENIDA CONTORNO                        MUNIZ FALCAO   76380000GOIANESIA      GO0000000000000000                                                                       
1040001300075R 01000000000000000000000000000000000000000000000000220032020000000000000200                                                                                                                                                       
1040001300076P 0101298027300700000000000140000000000328091122032809          2004202000000000000590000000099N0207201822004202000000000000060000000000000000000000000000000000000000000000000000000032809                    3001029090000000000 
1040001300077Q 012010510389000179POLIZELLI TRANSPORTES LTDA  - ME        AVENIDA CONTORNO                        MUNIZ FALCAO   76380000GOIANESIA      GO0000000000000000                                                                       
1040001300078R 01000000000000000000000000000000000000000000000000220042020000000000000200                                                                                                                                                       
1040001300079P 0101298027300700000000000140000000000328101122032810          2005202000000000000590000000099N0207201822005202000000000000060000000000000000000000000000000000000000000000000000000032810                    3001029090000000000 
1040001300080Q 012010510389000179POLIZELLI TRANSPORTES LTDA  - ME        AVENIDA CONTORNO                        MUNIZ FALCAO   76380000GOIANESIA      GO0000000000000000                                                                       
1040001300081R 01000000000000000000000000000000000000000000000000220052020000000000000200                                                                                                                                                       
1040001300082P 0101298027300700000000000140000000000328111122032811          0907201800000000001500000000099N0207201820907201800000000000060000000000000000000000000000000000000000000000000000000032811                    3001029090000000000 
1040001300083Q 012024746036000187PANIFICADORA PAO ITALIANO               RUA 24                                                 76300000CERES          GO0000000000000000                                                                       
1040001300084R 01000000000000000000000000000000000000000000000000209072018000000000000200                                                                                                                                                       
1040001300085P 0101298027300700000000000140000000000328121122032812          1607201800000000001500000000099N0207201821607201800000000000060000000000000000000000000000000000000000000000000000000032812                    3001029090000000000 
1040001300086Q 012024746036000187PANIFICADORA PAO ITALIANO               RUA 24                                                 76300000CERES          GO0000000000000000                                                                       
1040001300087R 01000000000000000000000000000000000000000000000000216072018000000000000200                                                                                                                                                       
1040001300088P 0101298027300700000000000140000000000328131122032813          2307201800000000001500000000099N0207201822307201800000000000060000000000000000000000000000000000000000000000000000000032813                    3001029090000000000 
1040001300089Q 012024746036000187PANIFICADORA PAO ITALIANO               RUA 24                                                 76300000CERES          GO0000000000000000                                                                       
1040001300090R 01000000000000000000000000000000000000000000000000223072018000000000000200                                                                                                                                                       
1040001300091P 0101298027300700000000000140000000000328141122032814          3007201800000000001500000000099N0207201823007201800000000000060000000000000000000000000000000000000000000000000000000032814                    3001029090000000000 
1040001300092Q 012024746036000187PANIFICADORA PAO ITALIANO               RUA 24                                                 76300000CERES          GO0000000000000000                                                                       
1040001300093R 01000000000000000000000000000000000000000000000000230072018000000000000200                                                                                                                                                       
1040001300094P 0101298027300700000000000140000000000328151122032815          0608201800000000001500000000099N0207201820608201800000000000060000000000000000000000000000000000000000000000000000000032815                    3001029090000000000 
1040001300095Q 012024746036000187PANIFICADORA PAO ITALIANO               RUA 24                                                 76300000CERES          GO0000000000000000                                                                       
1040001300096R 01000000000000000000000000000000000000000000000000206082018000000000000200                                                                                                                                                       
1040001300097P 0101298027300700000000000140000000000328161122032816          1308201800000000001500000000099N0207201821308201800000000000060000000000000000000000000000000000000000000000000000000032816                    3001029090000000000 
1040001300098Q 012024746036000187PANIFICADORA PAO ITALIANO               RUA 24                                                 76300000CERES          GO0000000000000000                                                                       
1040001300099R 01000000000000000000000000000000000000000000000000213082018000000000000200                                                                                                                                                       
1040001300100P 0101298027300700000000000140000000000328171122032817          2008201800000000001500000000099N0207201822008201800000000000060000000000000000000000000000000000000000000000000000000032817                    3001029090000000000 
1040001300101Q 012024746036000187PANIFICADORA PAO ITALIANO               RUA 24                                                 76300000CERES          GO0000000000000000                                                                       
1040001300102R 01000000000000000000000000000000000000000000000000220082018000000000000200                                                                                                                                                       
1040001300103P 0101298027300700000000000140000000000328181122032818          2708201800000000001500000000099N0207201822708201800000000000060000000000000000000000000000000000000000000000000000000032818                    3001029090000000000 
1040001300104Q 012024746036000187PANIFICADORA PAO ITALIANO               RUA 24                                                 76300000CERES          GO0000000000000000                                                                       
1040001300105R 01000000000000000000000000000000000000000000000000227082018000000000000200                                                                                                                                                       
1040001300106P 0101298027300700000000000140000000000328191122032819          0309201800000000001500000000099N0207201820309201800000000000060000000000000000000000000000000000000000000000000000000032819                    3001029090000000000 
1040001300107Q 012024746036000187PANIFICADORA PAO ITALIANO               RUA 24                                                 76300000CERES          GO0000000000000000                                                                       
1040001300108R 01000000000000000000000000000000000000000000000000203092018000000000000200                                                                                                                                                       
1040001300109P 0101298027300700000000000140000000000328201122032820          1009201800000000001500000000099N0207201821009201800000000000060000000000000000000000000000000000000000000000000000000032820                    3001029090000000000 
1040001300110Q 012024746036000187PANIFICADORA PAO ITALIANO               RUA 24                                                 76300000CERES          GO0000000000000000                                                                       
1040001300111R 01000000000000000000000000000000000000000000000000210092018000000000000200                                                                                                                                                       
1040001300112P 0101298027300700000000000140000000000328211122032821          1709201800000000001500000000099N0207201821709201800000000000060000000000000000000000000000000000000000000000000000000032821                    3001029090000000000 
1040001300113Q 012024746036000187PANIFICADORA PAO ITALIANO               RUA 24                                                 76300000CERES          GO0000000000000000                                                                       
1040001300114R 01000000000000000000000000000000000000000000000000217092018000000000000200                                                                                                                                                       
1040001300115P 0101298027300700000000000140000000000328221122032822          2409201800000000001500000000099N0207201822409201800000000000060000000000000000000000000000000000000000000000000000000032822                    3001029090000000000 
1040001300116Q 012024746036000187PANIFICADORA PAO ITALIANO               RUA 24                                                 76300000CERES          GO0000000000000000                                                                       
1040001300117R 01000000000000000000000000000000000000000000000000224092018000000000000200                                                                                                                                                       
1040001300118P 0101298027300700000000000140000000000328231122032823          0110201800000000001500000000099N0207201820110201800000000000060000000000000000000000000000000000000000000000000000000032823                    3001029090000000000 
1040001300119Q 012024746036000187PANIFICADORA PAO ITALIANO               RUA 24                                                 76300000CERES          GO0000000000000000                                                                       
1040001300120R 01000000000000000000000000000000000000000000000000201102018000000000000200                                                                                                                                                       
1040001300121P 0101298027300700000000000140000000000328241122032824          0810201800000000001500000000099N0207201820810201800000000000060000000000000000000000000000000000000000000000000000000032824                    3001029090000000000 
1040001300122Q 012024746036000187PANIFICADORA PAO ITALIANO               RUA 24                                                 76300000CERES          GO0000000000000000                                                                       
1040001300123R 01000000000000000000000000000000000000000000000000208102018000000000000200                                                                                                                                                       
1040001300124P 0101298027300700000000000140000000000328251122032825          1510201800000000001500000000099N0207201821510201800000000000060000000000000000000000000000000000000000000000000000000032825                    3001029090000000000 
1040001300125Q 012024746036000187PANIFICADORA PAO ITALIANO               RUA 24                                                 76300000CERES          GO0000000000000000                                                                       
1040001300126R 01000000000000000000000000000000000000000000000000215102018000000000000200                                                                                                                                                       
1040001300127P 0101298027300700000000000140000000000328261122032826          1507201800000000002000000000099N0307201821507201800000000000060000000000000000000000000000000000000000000000000000000032826                    3001029090000000000 
1040001300128Q 012010807374000177BOA SAFRA SEMENTES LTDA                 AV CIRCULAR N 211A                      FORMOSINHA     73813170               GO0000000000000000                                                                       
1040001300129R 01000000000000000000000000000000000000000000000000215072018000000000000200                                                                                                                                                       
1040001300130P 0101298027300700000000000140000000000328271122032827          1507201800000000005000000000099N0307201821507201800000000000060000000000000000000000000000000000000000000000000000000032827                    3001029090000000000 
1040001300131Q 012010760310000168NOBRE ALIMENTOS LTDA                    VIA SECUNDARIA 02 QD 06 LT 3 12127      DAIF           73813000ABADIA DE GOIASGO0000000000000000                                                                       
1040001300132R 01000000000000000000000000000000000000000000000000215072018000000000000200                                                                                                                                                       
1040001300133P 0101298027300700000000000140000000000328281122032828          1507201800000000018630000000099N0307201821507201800000000000060000000000000000000000000000000000000000000000000000000032828                    3001029090000000000 
1040001300134Q 012001378322000131LACEL LATICINIO CERES LTDA              AV BRASILIA  N 1502                     CENTRO         76315000ABADIA DE GOIASGO0000000000000000                                                                       
1040001300135R 01000000000000000000000000000000000000000000000000215072018000000000000200                                                                                                                                                       
1040001300136P 0101298027300700000000000140000000000328291122032829          1507201800000000014490000000099N0307201821507201800000000000060000000000000000000000000000000000000000000000000000000032829                    3001029090000000000 
1040001300137Q 012005886386000102LANNO INDUSTRIA E COM DE LATICINIOS LTDAAV JOAO LEITE QD 1 LT 18                SANTA GENOVEVA 74672020GOIANIA        GO0000000000000000                                                                       
1040001300138R 01000000000000000000000000000000000000000000000000215072018000000000000200                                                                                                                                                       
1040001300139P 0101298027300700000000000140000000000328301122032830          1007201800000000003493000000099N0307201821007201800000000000060000000000000000000000000000000000000000000000000000000032830                    3001029090000000000 
1040001300140Q 011000034250883191BALTAZAR LUIZ ALVES                     AVENIDA GOIAS SALA 2 POSTO TALISMA      SETOR SUL      76380000GOIANESIA      GO0000000000000000                                                                       
1040001300141R 01000000000000000000000000000000000000000000000000210072018000000000000200                                                                                                                                                       
1040001300142P 0101298027300700000000000140000000000328311122032831          1008201800000000003493000000099N0307201821008201800000000000060000000000000000000000000000000000000000000000000000000032831                    3001029090000000000 
1040001300143Q 011000034250883191BALTAZAR LUIZ ALVES                     AVENIDA GOIAS SALA 2 POSTO TALISMA      SETOR SUL      76380000GOIANESIA      GO0000000000000000                                                                       
1040001300144R 01000000000000000000000000000000000000000000000000210082018000000000000200                                                                                                                                                       
1040001300145P 0101298027300700000000000140000000000328321122032832          1009201800000000003493000000099N0307201821009201800000000000060000000000000000000000000000000000000000000000000000000032832                    3001029090000000000 
1040001300146Q 011000034250883191BALTAZAR LUIZ ALVES                     AVENIDA GOIAS SALA 2 POSTO TALISMA      SETOR SUL      76380000GOIANESIA      GO0000000000000000                                                                       
1040001300147R 01000000000000000000000000000000000000000000000000210092018000000000000200                                                                                                                                                       
1040001300148P 0101298027300700000000000140000000000328331122032833          1010201800000000003493000000099N0307201821010201800000000000060000000000000000000000000000000000000000000000000000000032833                    3001029090000000000 
1040001300149Q 011000034250883191BALTAZAR LUIZ ALVES                     AVENIDA GOIAS SALA 2 POSTO TALISMA      SETOR SUL      76380000GOIANESIA      GO0000000000000000                                                                       
1040001300150R 01000000000000000000000000000000000000000000000000210102018000000000000200                                                                                                                                                       
1040001300151P 0101298027300700000000000140000000000328341122032834          1011201800000000003493000000099N0307201821011201800000000000060000000000000000000000000000000000000000000000000000000032834                    3001029090000000000 
1040001300152Q 011000034250883191BALTAZAR LUIZ ALVES                     AVENIDA GOIAS SALA 2 POSTO TALISMA      SETOR SUL      76380000GOIANESIA      GO0000000000000000                                                                       
1040001300153R 01000000000000000000000000000000000000000000000000210112018000000000000200                                                                                                                                                       
1040001300154P 0101298027300700000000000140000000000328351122032835          1012201800000000003493000000099N0307201821012201800000000000060000000000000000000000000000000000000000000000000000000032835                    3001029090000000000 
1040001300155Q 011000034250883191BALTAZAR LUIZ ALVES                     AVENIDA GOIAS SALA 2 POSTO TALISMA      SETOR SUL      76380000GOIANESIA      GO0000000000000000                                                                       
1040001300156R 01000000000000000000000000000000000000000000000000210122018000000000000200                                                                                                                                                       
1040001300157P 0101298027300700000000000140000000000328361122032836          1001201900000000003493000000099N0307201821001201900000000000060000000000000000000000000000000000000000000000000000000032836                    3001029090000000000 
1040001300158Q 011000034250883191BALTAZAR LUIZ ALVES                     AVENIDA GOIAS SALA 2 POSTO TALISMA      SETOR SUL      76380000GOIANESIA      GO0000000000000000                                                                       
1040001300159R 01000000000000000000000000000000000000000000000000210012019000000000000200                                                                                                                                                       
1040001300160P 0101298027300700000000000140000000000328371122032837          1002201900000000003493000000099N0307201821002201900000000000060000000000000000000000000000000000000000000000000000000032837                    3001029090000000000 
1040001300161Q 011000034250883191BALTAZAR LUIZ ALVES                     AVENIDA GOIAS SALA 2 POSTO TALISMA      SETOR SUL      76380000GOIANESIA      GO0000000000000000                                                                       
1040001300162R 01000000000000000000000000000000000000000000000000210022019000000000000200                                                                                                                                                       
1040001300163P 0101298027300700000000000140000000000328381122032838          1003201900000000003493000000099N0307201821003201900000000000060000000000000000000000000000000000000000000000000000000032838                    3001029090000000000 
1040001300164Q 011000034250883191BALTAZAR LUIZ ALVES                     AVENIDA GOIAS SALA 2 POSTO TALISMA      SETOR SUL      76380000GOIANESIA      GO0000000000000000                                                                       
1040001300165R 01000000000000000000000000000000000000000000000000210032019000000000000200                                                                                                                                                       
1040001300166P 0101298027300700000000000140000000000328391122032839          1004201900000000003493000000099N0307201821004201900000000000060000000000000000000000000000000000000000000000000000000032839                    3001029090000000000 
1040001300167Q 011000034250883191BALTAZAR LUIZ ALVES                     AVENIDA GOIAS SALA 2 POSTO TALISMA      SETOR SUL      76380000GOIANESIA      GO0000000000000000                                                                       
1040001300168R 01000000000000000000000000000000000000000000000000210042019000000000000200                                                                                                                                                       
1040001300169P 0101298027300700000000000140000000000328401122032840          1005201900000000003493000000099N0307201821005201900000000000060000000000000000000000000000000000000000000000000000000032840                    3001029090000000000 
1040001300170Q 011000034250883191BALTAZAR LUIZ ALVES                     AVENIDA GOIAS SALA 2 POSTO TALISMA      SETOR SUL      76380000GOIANESIA      GO0000000000000000                                                                       
1040001300171R 01000000000000000000000000000000000000000000000000210052019000000000000200                                                                                                                                                       
1040001300172P 0101298027300700000000000140000000000328411122032841          1006201900000000003493000000099N0307201821006201900000000000060000000000000000000000000000000000000000000000000000000032841                    3001029090000000000 
1040001300173Q 011000034250883191BALTAZAR LUIZ ALVES                     AVENIDA GOIAS SALA 2 POSTO TALISMA      SETOR SUL      76380000GOIANESIA      GO0000000000000000                                                                       
1040001300174R 01000000000000000000000000000000000000000000000000210062019000000000000200                                                                                                                                                       
1040001300175P 0101298027300700000000000140000000000328421122032842          2512201800000000002000000000099N0307201822512201800000000000060000000000000000000000000000000000000000000000000000000032842                    3001029090000000000 
1040001300176Q 011000000845332180GUSTAVO SALGADO PEDROSO                 RUA 06                                  BELA VISTA     76300000CERES          GO0000000000000000                                                                       
1040001300177R 01000000000000000000000000000000000000000000000000225122018000000000000200                                                                                                                                                       
1040001300178P 0101298027300700000000000140000000000328431122032843          2501201900000000002000000000099N0307201822501201900000000000060000000000000000000000000000000000000000000000000000000032843                    3001029090000000000 
1040001300179Q 011000000845332180GUSTAVO SALGADO PEDROSO                 RUA 06                                  BELA VISTA     76300000CERES          GO0000000000000000                                                                       
1040001300180R 01000000000000000000000000000000000000000000000000225012019000000000000200                                                                                                                                                       
1040001300181P 0101298027300700000000000140000000000328441122032844          2502201900000000002000000000099N0307201822502201900000000000060000000000000000000000000000000000000000000000000000000032844                    3001029090000000000 
1040001300182Q 011000000845332180GUSTAVO SALGADO PEDROSO                 RUA 06                                  BELA VISTA     76300000CERES          GO0000000000000000                                                                       
1040001300183R 01000000000000000000000000000000000000000000000000225022019000000000000200                                                                                                                                                       
1040001300184P 0101298027300700000000000140000000000328451122032845          2503201900000000002000000000099N0307201822503201900000000000060000000000000000000000000000000000000000000000000000000032845                    3001029090000000000 
1040001300185Q 011000000845332180GUSTAVO SALGADO PEDROSO                 RUA 06                                  BELA VISTA     76300000CERES          GO0000000000000000                                                                       
1040001300186R 01000000000000000000000000000000000000000000000000225032019000000000000200                                                                                                                                                       
1040001300187P 0101298027300700000000000140000000000328461122032846          2504201900000000002000000000099N0307201822504201900000000000060000000000000000000000000000000000000000000000000000000032846                    3001029090000000000 
1040001300188Q 011000000845332180GUSTAVO SALGADO PEDROSO                 RUA 06                                  BELA VISTA     76300000CERES          GO0000000000000000                                                                       
1040001300189R 01000000000000000000000000000000000000000000000000225042019000000000000200                                                                                                                                                       
1040001300190P 0101298027300700000000000140000000000328471122032847          2505201900000000002000000000099N0307201822505201900000000000060000000000000000000000000000000000000000000000000000000032847                    3001029090000000000 
1040001300191Q 011000000845332180GUSTAVO SALGADO PEDROSO                 RUA 06                                  BELA VISTA     76300000CERES          GO0000000000000000                                                                       
1040001300192R 01000000000000000000000000000000000000000000000000225052019000000000000200                                                                                                                                                       
1040001300193P 0101298027300700000000000140000000000328481122032848          2506201900000000002000000000099N0307201822506201900000000000060000000000000000000000000000000000000000000000000000000032848                    3001029090000000000 
1040001300194Q 011000000845332180GUSTAVO SALGADO PEDROSO                 RUA 06                                  BELA VISTA     76300000CERES          GO0000000000000000                                                                       
1040001300195R 01000000000000000000000000000000000000000000000000225062019000000000000200                                                                                                                                                       
1040001300196P 0101298027300700000000000140000000000328491122032849          2507201900000000002000000000099N0307201822507201900000000000060000000000000000000000000000000000000000000000000000000032849                    3001029090000000000 
1040001300197Q 011000000845332180GUSTAVO SALGADO PEDROSO                 RUA 06                                  BELA VISTA     76300000CERES          GO0000000000000000                                                                       
1040001300198R 01000000000000000000000000000000000000000000000000225072019000000000000200                                                                                                                                                       
1040001300199P 0101298027300700000000000140000000000328501122032850          2508201900000000002000000000099N0307201822508201900000000000060000000000000000000000000000000000000000000000000000000032850                    3001029090000000000 
1040001300200Q 011000000845332180GUSTAVO SALGADO PEDROSO                 RUA 06                                  BELA VISTA     76300000CERES          GO0000000000000000                                                                       
1040001300201R 01000000000000000000000000000000000000000000000000225082019000000000000200                                                                                                                                                       
1040001300202P 0101298027300700000000000140000000000328511122032851          2509201900000000002000000000099N0307201822509201900000000000060000000000000000000000000000000000000000000000000000000032851                    3001029090000000000 
1040001300203Q 011000000845332180GUSTAVO SALGADO PEDROSO                 RUA 06                                  BELA VISTA     76300000CERES          GO0000000000000000                                                                       
1040001300204R 01000000000000000000000000000000000000000000000000225092019000000000000200                                                                                                                                                       
1040001300205P 0101298027300700000000000140000000000328521122032852          2510201900000000002000000000099N0307201822510201900000000000060000000000000000000000000000000000000000000000000000000032852                    3001029090000000000 
1040001300206Q 011000000845332180GUSTAVO SALGADO PEDROSO                 RUA 06                                  BELA VISTA     76300000CERES          GO0000000000000000                                                                       
1040001300207R 01000000000000000000000000000000000000000000000000225102019000000000000200                                                                                                                                                       
1040001300208P 0101298027300700000000000140000000000328531122032853          2511201900000000002000000000099N0307201822511201900000000000060000000000000000000000000000000000000000000000000000000032853                    3001029090000000000 
1040001300209Q 011000000845332180GUSTAVO SALGADO PEDROSO                 RUA 06                                  BELA VISTA     76300000CERES          GO0000000000000000                                                                       
1040001300210R 01000000000000000000000000000000000000000000000000225112019000000000000200                                                                                                                                                       
1040001300211P 0101298027300700000000000140000000000328541122032854          0408201800000000004000000000099N0407201820408201800000000000060000000000000000000000000000000000000000000000000000000032854                    3001029090000000000 
1040001300212Q 012012095666000230UNIDADE REVENDEDORA DE BEBIDAS LTDA     AV BERNARDO SAYAO                       CENTRO         76303970CERES          GO0000000000000000                                                                       
1040001300213R 01000000000000000000000000000000000000000000000000204082018000000000000200                                                                                                                                                       
1040001300214P 0101298027300700000000000140000000000328551122032855          0409201800000000001000000000099N0407201820409201800000000000060000000000000000000000000000000000000000000000000000000032855                    3001029090000000000 
1040001300215Q 012012095666000230UNIDADE REVENDEDORA DE BEBIDAS LTDA     AV BERNARDO SAYAO                       CENTRO         76303970CERES          GO0000000000000000                                                                       
1040001300216R 01000000000000000000000000000000000000000000000000204092018000000000000200                                                                                                                                                       
1040001300217P 0101298027300700000000000140000000000328561122032856          1007201800000000019470000000099N0407201821007201800000000000060000000000000000000000000000000000000000000000000000000032856                    3001029090000000000 
1040001300218Q 012089723977008800TONIOLO BUSNELLO SA - TUNEIS TERR E PAVIRODOVIA GO 154 SEM NUMERO               ZONA RURAL     76370000ABADIA DE GOIASGO0000000000000000                                                                       
1040001300219R 01000000000000000000000000000000000000000000000000210072018000000000000200                                                                                                                                                       
1040001300220P 0101298027300700000000000140000000000328571122032857          0508201800000000001000000000099N0407201820508201800000000000060000000000000000000000000000000000000000000000000000000032857                    3001029090000000000 
1040001300221Q 011000011855096668SEBASTIAO RODRIGUES DE OLIVEIRA         RUA 30 D NUMERO 165                     VILA VERDE     76300000CERES          GO0000000000000000                                                                       
1040001300222R 01000000000000000000000000000000000000000000000000205082018000000000000200                                                                                                                                                       
1040001300223P 0101298027300700000000000140000000000328581122032858          0509201800000000001000000000099N0407201820509201800000000000060000000000000000000000000000000000000000000000000000000032858                    3001029090000000000 
1040001300224Q 011000011855096668SEBASTIAO RODRIGUES DE OLIVEIRA         RUA 30 D NUMERO 165                     VILA VERDE     76300000CERES          GO0000000000000000                                                                       
1040001300225R 01000000000000000000000000000000000000000000000000205092018000000000000200                                                                                                                                                       
1040001300226P 0101298027300700000000000140000000000328591122032859          0510201800000000001000000000099N0407201820510201800000000000060000000000000000000000000000000000000000000000000000000032859                    3001029090000000000 
1040001300227Q 011000011855096668SEBASTIAO RODRIGUES DE OLIVEIRA         RUA 30 D NUMERO 165                     VILA VERDE     76300000CERES          GO0000000000000000                                                                       
1040001300228R 01000000000000000000000000000000000000000000000000205102018000000000000200                                                                                                                                                       
1040001300229P 0101298027300700000000000140000000000328601122032860          0511201800000000001000000000099N0407201820511201800000000000060000000000000000000000000000000000000000000000000000000032860                    3001029090000000000 
1040001300230Q 011000011855096668SEBASTIAO RODRIGUES DE OLIVEIRA         RUA 30 D NUMERO 165                     VILA VERDE     76300000CERES          GO0000000000000000                                                                       
1040001300231R 01000000000000000000000000000000000000000000000000205112018000000000000200                                                                                                                                                       
1040001300232P 0101298027300700000000000140000000000328611122032861          0512201800000000001000000000099N0407201820512201800000000000060000000000000000000000000000000000000000000000000000000032861                    3001029090000000000 
1040001300233Q 011000011855096668SEBASTIAO RODRIGUES DE OLIVEIRA         RUA 30 D NUMERO 165                     VILA VERDE     76300000CERES          GO0000000000000000                                                                       
1040001300234R 01000000000000000000000000000000000000000000000000205122018000000000000200                                                                                                                                                       
1040001300235P 0101298027300700000000000140000000000328621122032862          0501201900000000001000000000099N0407201820501201900000000000060000000000000000000000000000000000000000000000000000000032862                    3001029090000000000 
1040001300236Q 011000011855096668SEBASTIAO RODRIGUES DE OLIVEIRA         RUA 30 D NUMERO 165                     VILA VERDE     76300000CERES          GO0000000000000000                                                                       
1040001300237R 01000000000000000000000000000000000000000000000000205012019000000000000200                                                                                                                                                       
1040001300238P 0101298027300700000000000140000000000328631122032863          0502201900000000001000000000099N0407201820502201900000000000060000000000000000000000000000000000000000000000000000000032863                    3001029090000000000 
1040001300239Q 011000011855096668SEBASTIAO RODRIGUES DE OLIVEIRA         RUA 30 D NUMERO 165                     VILA VERDE     76300000CERES          GO0000000000000000                                                                       
1040001300240R 01000000000000000000000000000000000000000000000000205022019000000000000200                                                                                                                                                       
1040001300241P 0101298027300700000000000140000000000328641122032864          0503201900000000001000000000099N0407201820503201900000000000060000000000000000000000000000000000000000000000000000000032864                    3001029090000000000 
1040001300242Q 011000011855096668SEBASTIAO RODRIGUES DE OLIVEIRA         RUA 30 D NUMERO 165                     VILA VERDE     76300000CERES          GO0000000000000000                                                                       
1040001300243R 01000000000000000000000000000000000000000000000000205032019000000000000200                                                                                                                                                       
1040001300244P 0101298027300700000000000140000000000328651122032865          0504201900000000001000000000099N0407201820504201900000000000060000000000000000000000000000000000000000000000000000000032865                    3001029090000000000 
1040001300245Q 011000011855096668SEBASTIAO RODRIGUES DE OLIVEIRA         RUA 30 D NUMERO 165                     VILA VERDE     76300000CERES          GO0000000000000000                                                                       
1040001300246R 01000000000000000000000000000000000000000000000000205042019000000000000200                                                                                                                                                       
1040001300247P 0101298027300700000000000140000000000328661122032866          0505201900000000001000000000099N0407201820505201900000000000060000000000000000000000000000000000000000000000000000000032866                    3001029090000000000 
1040001300248Q 011000011855096668SEBASTIAO RODRIGUES DE OLIVEIRA         RUA 30 D NUMERO 165                     VILA VERDE     76300000CERES          GO0000000000000000                                                                       
1040001300249R 01000000000000000000000000000000000000000000000000205052019000000000000200                                                                                                                                                       
1040001300250P 0101298027300700000000000140000000000328671122032867          0506201900000000001000000000099N0407201820506201900000000000060000000000000000000000000000000000000000000000000000000032867                    3001029090000000000 
1040001300251Q 011000011855096668SEBASTIAO RODRIGUES DE OLIVEIRA         RUA 30 D NUMERO 165                     VILA VERDE     76300000CERES          GO0000000000000000                                                                       
1040001300252R 01000000000000000000000000000000000000000000000000205062019000000000000200                                                                                                                                                       
1040001300253P 0101298027300700000000000140000000000328681122032868          0507201900000000001000000000099N0407201820507201900000000000060000000000000000000000000000000000000000000000000000000032868                    3001029090000000000 
1040001300254Q 011000011855096668SEBASTIAO RODRIGUES DE OLIVEIRA         RUA 30 D NUMERO 165                     VILA VERDE     76300000CERES          GO0000000000000000                                                                       
1040001300255R 01000000000000000000000000000000000000000000000000205072019000000000000200                                                                                                                                                       
1040001300256P 0101298027300700000000000140000000000328691122032869          0507201800000000013800000000099N0407201820507201800000000000060000000000000000000000000000000000000000000000000000000032869                    3001029090000000000 
1040001300257Q 011000000278461301DOMINGOS ALVES DA SILVA FILHO           RUA 23 QUADRA 18 CASA 20 CONJUNTO COHAB.               65604400CAXIAS         MA0000000000000000                                                                       
1040001300258R 01000000000000000000000000000000000000000000000000205072018000000000000200                                                                                                                                                       
1040001300259P 0101298027300700000000000140000000000328701122032870          1007201800000000001188000000099N0507201821007201800000000000060000000000000000000000000000000000000000000000000000000032870                    3001029090000000000 
1040001300260Q 011000000245905502CARLITO DE OLIVEIRA PORTO               RUA A CASA 85 VILA EMURC                               45020615VITORIA DA CONQBA0000000000000000                                                                       
1040001300261R 01000000000000000000000000000000000000000000000000210072018000000000000200                                                                                                                                                       
1040001300262P 0101298027300700000000000140000000000328711122032871          2007201800000000001100000000099N0507201822007201800000000000060000000000000000000000000000000000000000000000000000000032871                    3001029090000000000 
1040001300263Q 011000064024644149NATAL BATISTA DOS SANTOS                RUA 35 LESTE                            SAO CRISTOVAO  76381101GOIANESIA      GO0000000000000000                                                                       
1040001300264R 01000000000000000000000000000000000000000000000000220072018000000000000200                                                                                                                                                       
1040001300265P 0101298027300700000000000140000000000328721122032872          2008201800000000001100000000099N0507201822008201800000000000060000000000000000000000000000000000000000000000000000000032872                    3001029090000000000 
1040001300266Q 011000064024644149NATAL BATISTA DOS SANTOS                RUA 35 LESTE                            SAO CRISTOVAO  76381101GOIANESIA      GO0000000000000000                                                                       
1040001300267R 01000000000000000000000000000000000000000000000000220082018000000000000200                                                                                                                                                       
1040001300268P 0101298027300700000000000140000000000328731122032873          2009201800000000001100000000099N0507201822009201800000000000060000000000000000000000000000000000000000000000000000000032873                    3001029090000000000 
1040001300269Q 011000064024644149NATAL BATISTA DOS SANTOS                RUA 35 LESTE                            SAO CRISTOVAO  76381101GOIANESIA      GO0000000000000000                                                                       
1040001300270R 01000000000000000000000000000000000000000000000000220092018000000000000200                                                                                                                                                       
1040001300271P 0101298027300700000000000140000000000328741122032874          2010201800000000001100000000099N0507201822010201800000000000060000000000000000000000000000000000000000000000000000000032874                    3001029090000000000 
1040001300272Q 011000064024644149NATAL BATISTA DOS SANTOS                RUA 35 LESTE                            SAO CRISTOVAO  76381101GOIANESIA      GO0000000000000000                                                                       
1040001300273R 01000000000000000000000000000000000000000000000000220102018000000000000200                                                                                                                                                       
1040001300274P 0101298027300700000000000140000000000328751122032875          2007201800000000072275000000099N0507201822007201800000000000060000000000000000000000000000000000000000000000000000000032875                    3001029090000000000 
1040001300275Q 012004094192000101AGRO-RUBI AGROPECUARIA LTDA             ROD GO 434 KM 23 5                      ZONA RURAL     76350000ABADIA DE GOIASGO0000000000000000                                                                       
1040001300276R 01000000000000000000000000000000000000000000000000220072018000000000000200                                                                                                                                                       
1040001300277P 0101298027300700000000000140000000000328761122032876          2007201800000000091326200000099N0507201822007201800000000000060000000000000000000000000000000000000000000000000000000032876                    3001029090000000000 
1040001300278Q 011000001522833404PAULO FERNANDO CAVALCANTE DE MORAIS E OUFAZ BOA ESPERANCA KM5 QD 0 LT 0 N 05    ZONA RURAL     76343000               GO0000000000000000                                                                       
1040001300279R 01000000000000000000000000000000000000000000000000220072018000000000000200                                                                                                                                                       
1040001300280P 0101298027300700000000000140000000000328771122032877          2007201800000000039895800000099N0507201822007201800000000000060000000000000000000000000000000000000000000000000000000032877                    3001029090000000000 
1040001300281Q 012007987748000179URUACU ACUCAR E ALCOOL LTDA             ESTRADA UR - 04 KM 13                   ZONA RURAL     76400000ABADIA DE GOIASGO0000000000000000                                                                       
1040001300282R 01000000000000000000000000000000000000000000000000220072018000000000000200                                                                                                                                                       
1040001300283P 0101298027300700000000000140000000000328781122032878          2007201800000000008330000000099N0507201822007201800000000000060000000000000000000000000000000000000000000000000000000032878                    3001029090000000000 
1040001300284Q 012007987748000179URUACU ACUCAR E ALCOOL LTDA             ESTRADA UR - 04 KM 13                   ZONA RURAL     76400000ABADIA DE GOIASGO0000000000000000                                                                       
1040001300285R 01000000000000000000000000000000000000000000000000220072018000000000000200                                                                                                                                                       
1040001300286P 0101298027300700000000000140000000000328791122032879          2007201800000000007516600000099N0507201822007201800000000000060000000000000000000000000000000000000000000000000000000032879                    3001029090000000000 
1040001300287Q 012003937452000192CRV INDUSTRIAL                          FAZENDA BOA VISTA KM 25                 ZONA SUBURBAN  76340000ABADIA DE GOIASGO0000000000000000                                                                       
1040001300288R 01000000000000000000000000000000000000000000000000220072018000000000000200                                                                                                                                                       
10400015         000290000096000000000051792760000000000000000000000000000000000000000000000                                                                                                                                                    
10499999         000001000292                                                                                                                                                                                                                   