10400000         2116559540001590000000000000000000001298027300700000000FEDERAL SISTEMAS              CAIXA ECONOMICA FEDERAL                 10406201806500000012105000000                    REMESSA-PRODUCAO                                 
10400011R0100030 20116559540001592730070000000000000001298027300700000000FEDERAL SISTEMAS                                                                                              000001210406201800000000                                 
1040001300001P 0101298027300700000000000140000000000313941122031394          3005201800000000001250000000099N3005201823005201800000000000060000000000000000000000000000000000000000000000000000000031394                    3001029090000000000 
1040001300002Q 011000007269549427BRUNNO LIMONGI DE SOUZA                 RUA MARIA DA PENHA RIBEIRO DE LIMA      BESSA          58035440JOAO PESSOA    PB0000000000000000                                                                       
1040001300003R 01000000000000000000000000000000000000000000000000230052018000000000000200                                                                                                                                                       
1040001300004P 0101298027300700000000000140000000000313961122031396          0507201800000000002000000000099N3005201820507201800000000000060000000000000000000000000000000000000000000000000000000031396                    3001029090000000000 
1040001300005Q 012010810580000136VALLE COMERCIO E DISTRIBUICAO           AV ALVORADA                             PQ INDUSTRIAL  76310000RIALMA         GO0000000000000000                                                                       
1040001300006R 01000000000000000000000000000000000000000000000000205072018000000000000200                                                                                                                                                       
1040001300007P 0101298027300700000000000140000000000313971122031397          0508201800000000002000000000099N3005201820508201800000000000060000000000000000000000000000000000000000000000000000000031397                    3001029090000000000 
1040001300008Q 012010810580000136VALLE COMERCIO E DISTRIBUICAO           AV ALVORADA                             PQ INDUSTRIAL  76310000RIALMA         GO0000000000000000                                                                       
1040001300009R 01000000000000000000000000000000000000000000000000205082018000000000000200                                                                                                                                                       
1040001300010P 0101298027300700000000000140000000000313981122031398          0509201800000000002000000000099N3005201820509201800000000000060000000000000000000000000000000000000000000000000000000031398                    3001029090000000000 
1040001300011Q 012010810580000136VALLE COMERCIO E DISTRIBUICAO           AV ALVORADA                             PQ INDUSTRIAL  76310000RIALMA         GO0000000000000000                                                                       
1040001300012R 01000000000000000000000000000000000000000000000000205092018000000000000200                                                                                                                                                       
1040001300013P 0101298027300700000000000140000000000313991122031399          0510201800000000002000000000099N3005201820510201800000000000060000000000000000000000000000000000000000000000000000000031399                    3001029090000000000 
1040001300014Q 012010810580000136VALLE COMERCIO E DISTRIBUICAO           AV ALVORADA                             PQ INDUSTRIAL  76310000RIALMA         GO0000000000000000                                                                       
1040001300015R 01000000000000000000000000000000000000000000000000205102018000000000000200                                                                                                                                                       
1040001300016P 0101298027300700000000000140000000000314001122031400          0511201800000000002000000000099N3005201820511201800000000000060000000000000000000000000000000000000000000000000000000031400                    3001029090000000000 
1040001300017Q 012010810580000136VALLE COMERCIO E DISTRIBUICAO           AV ALVORADA                             PQ INDUSTRIAL  76310000RIALMA         GO0000000000000000                                                                       
1040001300018R 01000000000000000000000000000000000000000000000000205112018000000000000200                                                                                                                                                       
1040001300019P 0101298027300700000000000140000000000314011122031401          0512201800000000002000000000099N3005201820512201800000000000060000000000000000000000000000000000000000000000000000000031401                    3001029090000000000 
1040001300020Q 012010810580000136VALLE COMERCIO E DISTRIBUICAO           AV ALVORADA                             PQ INDUSTRIAL  76310000RIALMA         GO0000000000000000                                                                       
1040001300021R 01000000000000000000000000000000000000000000000000205122018000000000000200                                                                                                                                                       
1040001300022P 0101298027300700000000000140000000000314021122031402          0501201900000000002000000000099N3005201820501201900000000000060000000000000000000000000000000000000000000000000000000031402                    3001029090000000000 
1040001300023Q 012010810580000136VALLE COMERCIO E DISTRIBUICAO           AV ALVORADA                             PQ INDUSTRIAL  76310000RIALMA         GO0000000000000000                                                                       
1040001300024R 01000000000000000000000000000000000000000000000000205012019000000000000200                                                                                                                                                       
1040001300025P 0101298027300700000000000140000000000314031122031403          0502201900000000002000000000099N3005201820502201900000000000060000000000000000000000000000000000000000000000000000000031403                    3001029090000000000 
1040001300026Q 012010810580000136VALLE COMERCIO E DISTRIBUICAO           AV ALVORADA                             PQ INDUSTRIAL  76310000RIALMA         GO0000000000000000                                                                       
1040001300027R 01000000000000000000000000000000000000000000000000205022019000000000000200                                                                                                                                                       
1040001300028P 0101298027300700000000000140000000000314041122031404          0503201900000000002000000000099N3005201820503201900000000000060000000000000000000000000000000000000000000000000000000031404                    3001029090000000000 
1040001300029Q 012010810580000136VALLE COMERCIO E DISTRIBUICAO           AV ALVORADA                             PQ INDUSTRIAL  76310000RIALMA         GO0000000000000000                                                                       
1040001300030R 01000000000000000000000000000000000000000000000000205032019000000000000200                                                                                                                                                       
1040001300031P 0101298027300700000000000140000000000314051122031405          0504201900000000002000000000099N3005201820504201900000000000060000000000000000000000000000000000000000000000000000000031405                    3001029090000000000 
1040001300032Q 012010810580000136VALLE COMERCIO E DISTRIBUICAO           AV ALVORADA                             PQ INDUSTRIAL  76310000RIALMA         GO0000000000000000                                                                       
1040001300033R 01000000000000000000000000000000000000000000000000205042019000000000000200                                                                                                                                                       
1040001300034P 0101298027300700000000000140000000000314061122031406          0505201900000000002000000000099N3005201820505201900000000000060000000000000000000000000000000000000000000000000000000031406                    3001029090000000000 
1040001300035Q 012010810580000136VALLE COMERCIO E DISTRIBUICAO           AV ALVORADA                             PQ INDUSTRIAL  76310000RIALMA         GO0000000000000000                                                                       
1040001300036R 01000000000000000000000000000000000000000000000000205052019000000000000200                                                                                                                                                       
1040001300037P 0101298027300700000000000140000000000314071122031407          0506201900000000002000000000099N3005201820506201900000000000060000000000000000000000000000000000000000000000000000000031407                    3001029090000000000 
1040001300038Q 012010810580000136VALLE COMERCIO E DISTRIBUICAO           AV ALVORADA                             PQ INDUSTRIAL  76310000RIALMA         GO0000000000000000                                                                       
1040001300039R 01000000000000000000000000000000000000000000000000205062019000000000000200                                                                                                                                                       
1040001300040P 0101298027300700000000000140000000000314081122031408          3005201800000000001336500000099N3005201823005201800000000000060000000000000000000000000000000000000000000000000000000031408                    3001029090000000000 
1040001300041Q 011000001332412629ROGER REIS                              RUA ARACY DE ALMEIDA 72,                GOIANIA        31960540BELO HORIZONTE MG0000000000000000                                                                       
1040001300042R 01000000000000000000000000000000000000000000000000230052018000000000000200                                                                                                                                                       
1040001300043P 0101298027300700000000000140000000000314091122031409          2106201800000000000590000000099N3005201822106201800000000000060000000000000000000000000000000000000000000000000000000031409                    3001029090000000000 
1040001300044Q 012006122211000183VALDAIR PACHECO MORAIS - ME             RUA GEREMIAS LUNARDELE                  CENTRO         76395000SANTA RITA DO NGO0000000000000000                                                                       
1040001300045R 01000000000000000000000000000000000000000000000000221062018000000000000200                                                                                                                                                       
1040001300046P 0101298027300700000000000140000000000314101122031410          2107201800000000000590000000099N3005201822107201800000000000060000000000000000000000000000000000000000000000000000000031410                    3001029090000000000 
1040001300047Q 012006122211000183VALDAIR PACHECO MORAIS - ME             RUA GEREMIAS LUNARDELE                  CENTRO         76395000SANTA RITA DO NGO0000000000000000                                                                       
1040001300048R 01000000000000000000000000000000000000000000000000221072018000000000000200                                                                                                                                                       
1040001300049P 0101298027300700000000000140000000000314111122031411          2108201800000000000590000000099N3005201822108201800000000000060000000000000000000000000000000000000000000000000000000031411                    3001029090000000000 
1040001300050Q 012006122211000183VALDAIR PACHECO MORAIS - ME             RUA GEREMIAS LUNARDELE                  CENTRO         76395000SANTA RITA DO NGO0000000000000000                                                                       
1040001300051R 01000000000000000000000000000000000000000000000000221082018000000000000200                                                                                                                                                       
1040001300052P 0101298027300700000000000140000000000314121122031412          2109201800000000000590000000099N3005201822109201800000000000060000000000000000000000000000000000000000000000000000000031412                    3001029090000000000 
1040001300053Q 012006122211000183VALDAIR PACHECO MORAIS - ME             RUA GEREMIAS LUNARDELE                  CENTRO         76395000SANTA RITA DO NGO0000000000000000                                                                       
1040001300054R 01000000000000000000000000000000000000000000000000221092018000000000000200                                                                                                                                                       
1040001300055P 0101298027300700000000000140000000000314131122031413          2110201800000000000590000000099N3005201822110201800000000000060000000000000000000000000000000000000000000000000000000031413                    3001029090000000000 
1040001300056Q 012006122211000183VALDAIR PACHECO MORAIS - ME             RUA GEREMIAS LUNARDELE                  CENTRO         76395000SANTA RITA DO NGO0000000000000000                                                                       
1040001300057R 01000000000000000000000000000000000000000000000000221102018000000000000200                                                                                                                                                       
1040001300058P 0101298027300700000000000140000000000314141122031414          2111201800000000000590000000099N3005201822111201800000000000060000000000000000000000000000000000000000000000000000000031414                    3001029090000000000 
1040001300059Q 012006122211000183VALDAIR PACHECO MORAIS - ME             RUA GEREMIAS LUNARDELE                  CENTRO         76395000SANTA RITA DO NGO0000000000000000                                                                       
1040001300060R 01000000000000000000000000000000000000000000000000221112018000000000000200                                                                                                                                                       
1040001300061P 0101298027300700000000000140000000000314151122031415          2112201800000000000590000000099N3005201822112201800000000000060000000000000000000000000000000000000000000000000000000031415                    3001029090000000000 
1040001300062Q 012006122211000183VALDAIR PACHECO MORAIS - ME             RUA GEREMIAS LUNARDELE                  CENTRO         76395000SANTA RITA DO NGO0000000000000000                                                                       
1040001300063R 01000000000000000000000000000000000000000000000000221122018000000000000200                                                                                                                                                       
1040001300064P 0101298027300700000000000140000000000314161122031416          2101201900000000000590000000099N3005201822101201900000000000060000000000000000000000000000000000000000000000000000000031416                    3001029090000000000 
1040001300065Q 012006122211000183VALDAIR PACHECO MORAIS - ME             RUA GEREMIAS LUNARDELE                  CENTRO         76395000SANTA RITA DO NGO0000000000000000                                                                       
1040001300066R 01000000000000000000000000000000000000000000000000221012019000000000000200                                                                                                                                                       
1040001300067P 0101298027300700000000000140000000000314171122031417          2102201900000000000590000000099N3005201822102201900000000000060000000000000000000000000000000000000000000000000000000031417                    3001029090000000000 
1040001300068Q 012006122211000183VALDAIR PACHECO MORAIS - ME             RUA GEREMIAS LUNARDELE                  CENTRO         76395000SANTA RITA DO NGO0000000000000000                                                                       
1040001300069R 01000000000000000000000000000000000000000000000000221022019000000000000200                                                                                                                                                       
1040001300070P 0101298027300700000000000140000000000314181122031418          2103201900000000000590000000099N3005201822103201900000000000060000000000000000000000000000000000000000000000000000000031418                    3001029090000000000 
1040001300071Q 012006122211000183VALDAIR PACHECO MORAIS - ME             RUA GEREMIAS LUNARDELE                  CENTRO         76395000SANTA RITA DO NGO0000000000000000                                                                       
1040001300072R 01000000000000000000000000000000000000000000000000221032019000000000000200                                                                                                                                                       
1040001300073P 0101298027300700000000000140000000000314191122031419          2104201900000000000590000000099N3005201822104201900000000000060000000000000000000000000000000000000000000000000000000031419                    3001029090000000000 
1040001300074Q 012006122211000183VALDAIR PACHECO MORAIS - ME             RUA GEREMIAS LUNARDELE                  CENTRO         76395000SANTA RITA DO NGO0000000000000000                                                                       
1040001300075R 01000000000000000000000000000000000000000000000000221042019000000000000200                                                                                                                                                       
1040001300076P 0101298027300700000000000140000000000314201122031420          2105201900000000000590000000099N3005201822105201900000000000060000000000000000000000000000000000000000000000000000000031420                    3001029090000000000 
1040001300077Q 012006122211000183VALDAIR PACHECO MORAIS - ME             RUA GEREMIAS LUNARDELE                  CENTRO         76395000SANTA RITA DO NGO0000000000000000                                                                       
1040001300078R 01000000000000000000000000000000000000000000000000221052019000000000000200                                                                                                                                                       
1040001300079P 0101298027300700000000000140000000000314231122031423          1011201800000000001770000000099N3005201821011201800000000000060000000000000000000000000000000000000000000000000000000031423                    3001029090000000000 
1040001300080Q 012008220807000141TERRA BRASIL TERRAPLANAGEM E CONSTRUCAO R ADEN                                  JD CLIPPER     04827160SAO PAULO      SP0000000000000000                                                                       
1040001300081R 01000000000000000000000000000000000000000000000000210112018000000000000200                                                                                                                                                       
1040001300082P 0101298027300700000000000140000000000314241122031424          1012201800000000001770000000099N3005201821012201800000000000060000000000000000000000000000000000000000000000000000000031424                    3001029090000000000 
1040001300083Q 012008220807000141TERRA BRASIL TERRAPLANAGEM E CONSTRUCAO R ADEN                                  JD CLIPPER     04827160SAO PAULO      SP0000000000000000                                                                       
1040001300084R 01000000000000000000000000000000000000000000000000210122018000000000000200                                                                                                                                                       
1040001300085P 0101298027300700000000000140000000000314251122031425          1001201900000000001770000000099N3005201821001201900000000000060000000000000000000000000000000000000000000000000000000031425                    3001029090000000000 
1040001300086Q 012008220807000141TERRA BRASIL TERRAPLANAGEM E CONSTRUCAO R ADEN                                  JD CLIPPER     04827160SAO PAULO      SP0000000000000000                                                                       
1040001300087R 01000000000000000000000000000000000000000000000000210012019000000000000200                                                                                                                                                       
1040001300088P 0101298027300700000000000140000000000314261122031426          1002201900000000001770000000099N3005201821002201900000000000060000000000000000000000000000000000000000000000000000000031426                    3001029090000000000 
1040001300089Q 012008220807000141TERRA BRASIL TERRAPLANAGEM E CONSTRUCAO R ADEN                                  JD CLIPPER     04827160SAO PAULO      SP0000000000000000                                                                       
1040001300090R 01000000000000000000000000000000000000000000000000210022019000000000000200                                                                                                                                                       
1040001300091P 0101298027300700000000000140000000000314271122031427          1003201900000000001770000000099N3005201821003201900000000000060000000000000000000000000000000000000000000000000000000031427                    3001029090000000000 
1040001300092Q 012008220807000141TERRA BRASIL TERRAPLANAGEM E CONSTRUCAO R ADEN                                  JD CLIPPER     04827160SAO PAULO      SP0000000000000000                                                                       
1040001300093R 01000000000000000000000000000000000000000000000000210032019000000000000200                                                                                                                                                       
1040001300094P 0101298027300700000000000140000000000314281122031428          1004201900000000001770000000099N3005201821004201900000000000060000000000000000000000000000000000000000000000000000000031428                    3001029090000000000 
1040001300095Q 012008220807000141TERRA BRASIL TERRAPLANAGEM E CONSTRUCAO R ADEN                                  JD CLIPPER     04827160SAO PAULO      SP0000000000000000                                                                       
1040001300096R 01000000000000000000000000000000000000000000000000210042019000000000000200                                                                                                                                                       
1040001300097P 0101298027300700000000000140000000000314291122031429          1005201900000000001770000000099N3005201821005201900000000000060000000000000000000000000000000000000000000000000000000031429                    3001029090000000000 
1040001300098Q 012008220807000141TERRA BRASIL TERRAPLANAGEM E CONSTRUCAO R ADEN                                  JD CLIPPER     04827160SAO PAULO      SP0000000000000000                                                                       
1040001300099R 01000000000000000000000000000000000000000000000000210052019000000000000200                                                                                                                                                       
1040001300100P 0101298027300700000000000140000000000314301122031430          1006201900000000001770000000099N3005201821006201900000000000060000000000000000000000000000000000000000000000000000000031430                    3001029090000000000 
1040001300101Q 012008220807000141TERRA BRASIL TERRAPLANAGEM E CONSTRUCAO R ADEN                                  JD CLIPPER     04827160SAO PAULO      SP0000000000000000                                                                       
1040001300102R 01000000000000000000000000000000000000000000000000210062019000000000000200                                                                                                                                                       
1040001300103P 0101298027300700000000000140000000000314311122031431          1007201900000000001770000000099N3005201821007201900000000000060000000000000000000000000000000000000000000000000000000031431                    3001029090000000000 
1040001300104Q 012008220807000141TERRA BRASIL TERRAPLANAGEM E CONSTRUCAO R ADEN                                  JD CLIPPER     04827160SAO PAULO      SP0000000000000000                                                                       
1040001300105R 01000000000000000000000000000000000000000000000000210072019000000000000200                                                                                                                                                       
1040001300106P 0101298027300700000000000140000000000314321122031432          1008201900000000001770000000099N3005201821008201900000000000060000000000000000000000000000000000000000000000000000000031432                    3001029090000000000 
1040001300107Q 012008220807000141TERRA BRASIL TERRAPLANAGEM E CONSTRUCAO R ADEN                                  JD CLIPPER     04827160SAO PAULO      SP0000000000000000                                                                       
1040001300108R 01000000000000000000000000000000000000000000000000210082019000000000000200                                                                                                                                                       
1040001300109P 0101298027300700000000000140000000000314331122031433          1009201900000000001770000000099N3005201821009201900000000000060000000000000000000000000000000000000000000000000000000031433                    3001029090000000000 
1040001300110Q 012008220807000141TERRA BRASIL TERRAPLANAGEM E CONSTRUCAO R ADEN                                  JD CLIPPER     04827160SAO PAULO      SP0000000000000000                                                                       
1040001300111R 01000000000000000000000000000000000000000000000000210092019000000000000200                                                                                                                                                       
1040001300112P 0101298027300700000000000140000000000314341122031434          1010201900000000001770000000099N3005201821010201900000000000060000000000000000000000000000000000000000000000000000000031434                    3001029090000000000 
1040001300113Q 012008220807000141TERRA BRASIL TERRAPLANAGEM E CONSTRUCAO R ADEN                                  JD CLIPPER     04827160SAO PAULO      SP0000000000000000                                                                       
1040001300114R 01000000000000000000000000000000000000000000000000210102019000000000000200                                                                                                                                                       
1040001300115P 0101298027300700000000000140000000000314361122031436          0506201800000000002146900000099N3005201820506201800000000000060000000000000000000000000000000000000000000000000000000031436                    3001029090000000000 
1040001300116Q 011000000107197502RAPHAEL THIAGO DA SILVA ARAUJO (ARTSAT) RUA CORONEL JOSE PINTO,                 SAO JOAO       44051568FEIRA DE SANTANBA0000000000000000                                                                       
1040001300117R 01000000000000000000000000000000000000000000000000205062018000000000000200                                                                                                                                                       
10400015         000119000039000000000005705340000000000000000000000000000000000000000000000                                                                                                                                                    
10499999         000001000121                                                                                                                                                                                                                   