10400000         2116559540001590000000000000000000001298027300700000000FEDERAL SISTEMAS              CAIXA ECONOMICA FEDERAL                 11704201809021000007705000000                    REMESSA-PRODUCAO                                 
10400011R0100030 20116559540001592730070000000000000001298027300700000000FEDERAL SISTEMAS                                                                                              000000771704201800000000                                 
1040001300001P 0101298027300700000000000140000000000296141122029614          1704201800000000011230000000099N1704201821704201800000000000060000000000000000000000000000000000000000000000000000000029614                    3001090090000000000 
1040001300002Q 012027714221000188ALISON FERNADO DE MORAES                RUA NHANDEARA                           VILA CARRAO    03424040SAO PAULO      SP0000000000000000                                                                       
1040001300003R 01000000000000000000000000000000000000000000000000217042018000000000000200                                                                                                                                                       
10400015         000005000001000000000001123000000000000000000000000000000000000000000000000                                                                                                                                                    
10499999         000001000007                                                                                                                                                                                                                   