10400000         2116559540001590000000000000000000001298027300700000000FEDERAL SISTEMAS              CAIXA ECONOMICA FEDERAL                 12602201815443200002705000000                    REMESSA-PRODUCAO                                 
10400011R0100030 20116559540001592730070000000000000001298027300700000000FEDERAL SISTEMAS                                                                                              000000272602201800000000                                 
1040001300001P 0101298027300700000000000140000000000263431122026343          0103201800000000015000000000099N2402201820103201800000000000000000000000000000000000000000000000000000000000000000000026343                    3001700090000000000 
1040001300002Q 012029637827000192DINAMUS PRODUTOS PARA FESTAS LTDA ME    AVENIDA RAIMUNDO DE AQUINO              VILA JOãO BRAZ75388412TRINDADE       GO0000000000000000                                                                       
1040001300003R 01000000000000000000000000000000000000000000000000201032018000000000000200                                                                                                                                                       
1040001300004P 0101298027300700000000000140000000000263441122026344          2503201800000000003300000000099N2402201822503201800000000000000000000000000000000000000000000000000000000000000000000026344                    3001700090000000000 
1040001300005Q 012029637827000192DINAMUS PRODUTOS PARA FESTAS LTDA ME    AVENIDA RAIMUNDO DE AQUINO              VILA JOãO BRAZ75388412TRINDADE       GO0000000000000000                                                                       
1040001300006R 01000000000000000000000000000000000000000000000000225032018000000000000200                                                                                                                                                       
1040001300007P 0101298027300700000000000140000000000263451122026345          2504201800000000003300000000099N2402201822504201800000000000000000000000000000000000000000000000000000000000000000000026345                    3001700090000000000 
1040001300008Q 012029637827000192DINAMUS PRODUTOS PARA FESTAS LTDA ME    AVENIDA RAIMUNDO DE AQUINO              VILA JOãO BRAZ75388412TRINDADE       GO0000000000000000                                                                       
1040001300009R 01000000000000000000000000000000000000000000000000225042018000000000000200                                                                                                                                                       
1040001300010P 0101298027300700000000000140000000000263461122026346          2505201800000000003300000000099N2402201822505201800000000000000000000000000000000000000000000000000000000000000000000026346                    3001700090000000000 
1040001300011Q 012029637827000192DINAMUS PRODUTOS PARA FESTAS LTDA ME    AVENIDA RAIMUNDO DE AQUINO              VILA JOãO BRAZ75388412TRINDADE       GO0000000000000000                                                                       
1040001300012R 01000000000000000000000000000000000000000000000000225052018000000000000200                                                                                                                                                       
1040001300013P 0101298027300700000000000140000000000263471122026347          2506201800000000003300000000099N2402201822506201800000000000000000000000000000000000000000000000000000000000000000000026347                    3001700090000000000 
1040001300014Q 012029637827000192DINAMUS PRODUTOS PARA FESTAS LTDA ME    AVENIDA RAIMUNDO DE AQUINO              VILA JOãO BRAZ75388412TRINDADE       GO0000000000000000                                                                       
1040001300015R 01000000000000000000000000000000000000000000000000225062018000000000000200                                                                                                                                                       
1040001300016P 0101298027300700000000000140000000000263481122026348          2507201800000000003300000000099N2402201822507201800000000000000000000000000000000000000000000000000000000000000000000026348                    3001700090000000000 
1040001300017Q 012029637827000192DINAMUS PRODUTOS PARA FESTAS LTDA ME    AVENIDA RAIMUNDO DE AQUINO              VILA JOãO BRAZ75388412TRINDADE       GO0000000000000000                                                                       
1040001300018R 01000000000000000000000000000000000000000000000000225072018000000000000200                                                                                                                                                       
1040001300019P 0101298027300700000000000140000000000263491122026349          2508201800000000003300000000099N2402201822508201800000000000000000000000000000000000000000000000000000000000000000000026349                    3001700090000000000 
1040001300020Q 012029637827000192DINAMUS PRODUTOS PARA FESTAS LTDA ME    AVENIDA RAIMUNDO DE AQUINO              VILA JOãO BRAZ75388412TRINDADE       GO0000000000000000                                                                       
1040001300021R 01000000000000000000000000000000000000000000000000225082018000000000000200                                                                                                                                                       
1040001300022P 0101298027300700000000000140000000000263501122026350          2509201800000000003300000000099N2402201822509201800000000000000000000000000000000000000000000000000000000000000000000026350                    3001700090000000000 
1040001300023Q 012029637827000192DINAMUS PRODUTOS PARA FESTAS LTDA ME    AVENIDA RAIMUNDO DE AQUINO              VILA JOãO BRAZ75388412TRINDADE       GO0000000000000000                                                                       
1040001300024R 01000000000000000000000000000000000000000000000000225092018000000000000200                                                                                                                                                       
1040001300025P 0101298027300700000000000140000000000263511122026351          2510201800000000003300000000099N2402201822510201800000000000000000000000000000000000000000000000000000000000000000000026351                    3001700090000000000 
1040001300026Q 012029637827000192DINAMUS PRODUTOS PARA FESTAS LTDA ME    AVENIDA RAIMUNDO DE AQUINO              VILA JOãO BRAZ75388412TRINDADE       GO0000000000000000                                                                       
1040001300027R 01000000000000000000000000000000000000000000000000225102018000000000000200                                                                                                                                                       
1040001300028P 0101298027300700000000000140000000000263521122026352          2511201800000000003300000000099N2402201822511201800000000000000000000000000000000000000000000000000000000000000000000026352                    3001700090000000000 
1040001300029Q 012029637827000192DINAMUS PRODUTOS PARA FESTAS LTDA ME    AVENIDA RAIMUNDO DE AQUINO              VILA JOãO BRAZ75388412TRINDADE       GO0000000000000000                                                                       
1040001300030R 01000000000000000000000000000000000000000000000000225112018000000000000200                                                                                                                                                       
1040001300031P 0101298027300700000000000140000000000263531122026353          2512201800000000003300000000099N2402201822512201800000000000000000000000000000000000000000000000000000000000000000000026353                    3001700090000000000 
1040001300032Q 012029637827000192DINAMUS PRODUTOS PARA FESTAS LTDA ME    AVENIDA RAIMUNDO DE AQUINO              VILA JOãO BRAZ75388412TRINDADE       GO0000000000000000                                                                       
1040001300033R 01000000000000000000000000000000000000000000000000225122018000000000000200                                                                                                                                                       
1040001300034P 0101298027300700000000000140000000000263541122026354          2501201900000000003300000000099N2402201822501201900000000000000000000000000000000000000000000000000000000000000000000026354                    3001700090000000000 
1040001300035Q 012029637827000192DINAMUS PRODUTOS PARA FESTAS LTDA ME    AVENIDA RAIMUNDO DE AQUINO              VILA JOãO BRAZ75388412TRINDADE       GO0000000000000000                                                                       
1040001300036R 01000000000000000000000000000000000000000000000000225012019000000000000200                                                                                                                                                       
1040001300037P 0101298027300700000000000140000000000263551122026355          2502201900000000003300000000099N2402201822502201900000000000000000000000000000000000000000000000000000000000000000000026355                    3001700090000000000 
1040001300038Q 012029637827000192DINAMUS PRODUTOS PARA FESTAS LTDA ME    AVENIDA RAIMUNDO DE AQUINO              VILA JOãO BRAZ75388412TRINDADE       GO0000000000000000                                                                       
1040001300039R 01000000000000000000000000000000000000000000000000225022019000000000000200                                                                                                                                                       
10400015         000041000013000000000005460000000000000000000000000000000000000000000000000                                                                                                                                                    
10499999         000001000043                                                                                                                                                                                                                   