10400000         2116559540001590000000000000000000001298027300700000000FEDERAL SISTEMAS              CAIXA ECONOMICA FEDERAL                 10204201816381200005405000000                    REMESSA-PRODUCAO                                 
10400011R0100030 20116559540001592730070000000000000001298027300700000000FEDERAL SISTEMAS                                                                                              000000540204201800000000                                 
1040001300001P 0101298027300700000000000140000000000280881122028088          2002201900000000002950000000099N2703201822002201900000000000060000000000000000000000000000000000000000000000000000000028088                    3001090090000000000 
1040001300002Q 012009509410000137W J LIMA LTDE ME                        AV PARA N 16                            CARRILHO       76380000GOIANESIA      GO0000000000000000                                                                       
1040001300003R 01000000000000000000000000000000000000000000000000220022019000000000000200                                                                                                                                                       
1040001300004P 0101298027300700000000000140000000000280891122028089          2003201900000000002950000000099N2703201822003201900000000000060000000000000000000000000000000000000000000000000000000028089                    3001090090000000000 
1040001300005Q 012009509410000137W J LIMA LTDE ME                        AV PARA N 16                            CARRILHO       76380000GOIANESIA      GO0000000000000000                                                                       
1040001300006R 01000000000000000000000000000000000000000000000000220032019000000000000200                                                                                                                                                       
1040001300007P 0101298027300700000000000140000000000280901122028090          2004201900000000002950000000099N2703201822004201900000000000060000000000000000000000000000000000000000000000000000000028090                    3001090090000000000 
1040001300008Q 012009509410000137W J LIMA LTDE ME                        AV PARA N 16                            CARRILHO       76380000GOIANESIA      GO0000000000000000                                                                       
1040001300009R 01000000000000000000000000000000000000000000000000220042019000000000000200                                                                                                                                                       
1040001300010P 0101298027300700000000000140000000000280911122028091          2005201900000000002950000000099N2703201822005201900000000000060000000000000000000000000000000000000000000000000000000028091                    3001090090000000000 
1040001300011Q 012009509410000137W J LIMA LTDE ME                        AV PARA N 16                            CARRILHO       76380000GOIANESIA      GO0000000000000000                                                                       
1040001300012R 01000000000000000000000000000000000000000000000000220052019000000000000200                                                                                                                                                       
1040001300013P 0101298027300700000000000140000000000280921122028092          2006201900000000002950000000099N2703201822006201900000000000060000000000000000000000000000000000000000000000000000000028092                    3001090090000000000 
1040001300014Q 012009509410000137W J LIMA LTDE ME                        AV PARA N 16                            CARRILHO       76380000GOIANESIA      GO0000000000000000                                                                       
1040001300015R 01000000000000000000000000000000000000000000000000220062019000000000000200                                                                                                                                                       
1040001300016P 0101298027300700000000000140000000000280931122028093          2007201900000000002950000000099N2703201822007201900000000000060000000000000000000000000000000000000000000000000000000028093                    3001090090000000000 
1040001300017Q 012009509410000137W J LIMA LTDE ME                        AV PARA N 16                            CARRILHO       76380000GOIANESIA      GO0000000000000000                                                                       
1040001300018R 01000000000000000000000000000000000000000000000000220072019000000000000200                                                                                                                                                       
1040001300019P 0101298027300700000000000140000000000280941122028094          2008201900000000002950000000099N2703201822008201900000000000060000000000000000000000000000000000000000000000000000000028094                    3001090090000000000 
1040001300020Q 012009509410000137W J LIMA LTDE ME                        AV PARA N 16                            CARRILHO       76380000GOIANESIA      GO0000000000000000                                                                       
1040001300021R 01000000000000000000000000000000000000000000000000220082019000000000000200                                                                                                                                                       
1040001300022P 0101298027300700000000000140000000000280951122028095          2009201900000000002950000000099N2703201822009201900000000000060000000000000000000000000000000000000000000000000000000028095                    3001090090000000000 
1040001300023Q 012009509410000137W J LIMA LTDE ME                        AV PARA N 16                            CARRILHO       76380000GOIANESIA      GO0000000000000000                                                                       
1040001300024R 01000000000000000000000000000000000000000000000000220092019000000000000200                                                                                                                                                       
1040001300025P 0101298027300700000000000140000000000280961122028096          2010201900000000002950000000099N2703201822010201900000000000060000000000000000000000000000000000000000000000000000000028096                    3001090090000000000 
1040001300026Q 012009509410000137W J LIMA LTDE ME                        AV PARA N 16                            CARRILHO       76380000GOIANESIA      GO0000000000000000                                                                       
1040001300027R 01000000000000000000000000000000000000000000000000220102019000000000000200                                                                                                                                                       
1040001300028P 0101298027300700000000000140000000000280971122028097          2011201900000000002950000000099N2703201822011201900000000000060000000000000000000000000000000000000000000000000000000028097                    3001090090000000000 
1040001300029Q 012009509410000137W J LIMA LTDE ME                        AV PARA N 16                            CARRILHO       76380000GOIANESIA      GO0000000000000000                                                                       
1040001300030R 01000000000000000000000000000000000000000000000000220112019000000000000200                                                                                                                                                       
1040001300031P 0101298027300700000000000140000000000280981122028098          2012201900000000002950000000099N2703201822012201900000000000060000000000000000000000000000000000000000000000000000000028098                    3001090090000000000 
1040001300032Q 012009509410000137W J LIMA LTDE ME                        AV PARA N 16                            CARRILHO       76380000GOIANESIA      GO0000000000000000                                                                       
1040001300033R 01000000000000000000000000000000000000000000000000220122019000000000000200                                                                                                                                                       
1040001300034P 0101298027300700000000000140000000000280991122028099          2001202000000000002950000000099N2703201822001202000000000000060000000000000000000000000000000000000000000000000000000028099                    3001090090000000000 
1040001300035Q 012009509410000137W J LIMA LTDE ME                        AV PARA N 16                            CARRILHO       76380000GOIANESIA      GO0000000000000000                                                                       
1040001300036R 01000000000000000000000000000000000000000000000000220012020000000000000200                                                                                                                                                       
1040001300037P 0101298027300700000000000140000000000281001122028100          3003201800000000005000000000099N2703201823003201800000000000060000000000000000000000000000000000000000000000000000000028100                    3001090090000000000 
1040001300038Q 011000001265438102GEIDSON PEDRO SEABRA                    RUA 10                                  JARDIM PETROPOL76300000CERES          GO0000000000000000                                                                       
1040001300039R 01000000000000000000000000000000000000000000000000230032018000000000000200                                                                                                                                                       
1040001300040P 0101298027300700000000000140000000000281021122028102          2804201800000000000590000000099N2703201822804201800000000000060000000000000000000000000000000000000000000000000000000028102                    3001090090000000000 
1040001300041Q 012029852026000140ANDREIA RODRIGUES CARVALHO              RUA 20 LESTE                            CENTRO         76380118GOIANESIA      GO0000000000000000                                                                       
1040001300042R 01000000000000000000000000000000000000000000000000228042018000000000000200                                                                                                                                                       
1040001300043P 0101298027300700000000000140000000000281031122028103          2805201800000000000590000000099N2703201822805201800000000000060000000000000000000000000000000000000000000000000000000028103                    3001090090000000000 
1040001300044Q 012029852026000140ANDREIA RODRIGUES CARVALHO              RUA 20 LESTE                            CENTRO         76380118GOIANESIA      GO0000000000000000                                                                       
1040001300045R 01000000000000000000000000000000000000000000000000228052018000000000000200                                                                                                                                                       
1040001300046P 0101298027300700000000000140000000000281041122028104          2806201800000000000590000000099N2703201822806201800000000000060000000000000000000000000000000000000000000000000000000028104                    3001090090000000000 
1040001300047Q 012029852026000140ANDREIA RODRIGUES CARVALHO              RUA 20 LESTE                            CENTRO         76380118GOIANESIA      GO0000000000000000                                                                       
1040001300048R 01000000000000000000000000000000000000000000000000228062018000000000000200                                                                                                                                                       
1040001300049P 0101298027300700000000000140000000000281051122028105          2807201800000000000590000000099N2703201822807201800000000000060000000000000000000000000000000000000000000000000000000028105                    3001090090000000000 
1040001300050Q 012029852026000140ANDREIA RODRIGUES CARVALHO              RUA 20 LESTE                            CENTRO         76380118GOIANESIA      GO0000000000000000                                                                       
1040001300051R 01000000000000000000000000000000000000000000000000228072018000000000000200                                                                                                                                                       
1040001300052P 0101298027300700000000000140000000000281061122028106          2808201800000000000590000000099N2703201822808201800000000000060000000000000000000000000000000000000000000000000000000028106                    3001090090000000000 
1040001300053Q 012029852026000140ANDREIA RODRIGUES CARVALHO              RUA 20 LESTE                            CENTRO         76380118GOIANESIA      GO0000000000000000                                                                       
1040001300054R 01000000000000000000000000000000000000000000000000228082018000000000000200                                                                                                                                                       
1040001300055P 0101298027300700000000000140000000000281071122028107          2809201800000000000590000000099N2703201822809201800000000000060000000000000000000000000000000000000000000000000000000028107                    3001090090000000000 
1040001300056Q 012029852026000140ANDREIA RODRIGUES CARVALHO              RUA 20 LESTE                            CENTRO         76380118GOIANESIA      GO0000000000000000                                                                       
1040001300057R 01000000000000000000000000000000000000000000000000228092018000000000000200                                                                                                                                                       
1040001300058P 0101298027300700000000000140000000000281081122028108          2810201800000000000590000000099N2703201822810201800000000000060000000000000000000000000000000000000000000000000000000028108                    3001090090000000000 
1040001300059Q 012029852026000140ANDREIA RODRIGUES CARVALHO              RUA 20 LESTE                            CENTRO         76380118GOIANESIA      GO0000000000000000                                                                       
1040001300060R 01000000000000000000000000000000000000000000000000228102018000000000000200                                                                                                                                                       
1040001300061P 0101298027300700000000000140000000000281091122028109          2811201800000000000590000000099N2703201822811201800000000000060000000000000000000000000000000000000000000000000000000028109                    3001090090000000000 
1040001300062Q 012029852026000140ANDREIA RODRIGUES CARVALHO              RUA 20 LESTE                            CENTRO         76380118GOIANESIA      GO0000000000000000                                                                       
1040001300063R 01000000000000000000000000000000000000000000000000228112018000000000000200                                                                                                                                                       
1040001300064P 0101298027300700000000000140000000000281101122028110          2812201800000000000590000000099N2703201822812201800000000000060000000000000000000000000000000000000000000000000000000028110                    3001090090000000000 
1040001300065Q 012029852026000140ANDREIA RODRIGUES CARVALHO              RUA 20 LESTE                            CENTRO         76380118GOIANESIA      GO0000000000000000                                                                       
1040001300066R 01000000000000000000000000000000000000000000000000228122018000000000000200                                                                                                                                                       
1040001300067P 0101298027300700000000000140000000000281111122028111          2801201900000000000590000000099N2703201822801201900000000000060000000000000000000000000000000000000000000000000000000028111                    3001090090000000000 
1040001300068Q 012029852026000140ANDREIA RODRIGUES CARVALHO              RUA 20 LESTE                            CENTRO         76380118GOIANESIA      GO0000000000000000                                                                       
1040001300069R 01000000000000000000000000000000000000000000000000228012019000000000000200                                                                                                                                                       
1040001300070P 0101298027300700000000000140000000000281121122028112          2802201900000000000590000000099N2703201822802201900000000000060000000000000000000000000000000000000000000000000000000028112                    3001090090000000000 
1040001300071Q 012029852026000140ANDREIA RODRIGUES CARVALHO              RUA 20 LESTE                            CENTRO         76380118GOIANESIA      GO0000000000000000                                                                       
1040001300072R 01000000000000000000000000000000000000000000000000228022019000000000000200                                                                                                                                                       
1040001300073P 0101298027300700000000000140000000000281131122028113          2803201900000000000590000000099N2703201822803201900000000000060000000000000000000000000000000000000000000000000000000028113                    3001090090000000000 
1040001300074Q 012029852026000140ANDREIA RODRIGUES CARVALHO              RUA 20 LESTE                            CENTRO         76380118GOIANESIA      GO0000000000000000                                                                       
1040001300075R 01000000000000000000000000000000000000000000000000228032019000000000000200                                                                                                                                                       
1040001300076P 0101298027300700000000000140000000000281141122028114          3004201800000000003353600000099N2703201823004201800000000000060000000000000000000000000000000000000000000000000000000028114                    3001090090000000000 
1040001300077Q 011000001265438102GEIDSON PEDRO SEABRA                    RUA 10                                  JARDIM PETROPOL76300000CERES          GO0000000000000000                                                                       
1040001300078R 01000000000000000000000000000000000000000000000000230042018000000000000200                                                                                                                                                       
1040001300079P 0101298027300700000000000140000000000281151122028115          3005201800000000003353600000099N2703201823005201800000000000060000000000000000000000000000000000000000000000000000000028115                    3001090090000000000 
1040001300080Q 011000001265438102GEIDSON PEDRO SEABRA                    RUA 10                                  JARDIM PETROPOL76300000CERES          GO0000000000000000                                                                       
1040001300081R 01000000000000000000000000000000000000000000000000230052018000000000000200                                                                                                                                                       
1040001300082P 0101298027300700000000000140000000000281161122028116          3006201800000000003353600000099N2703201823006201800000000000060000000000000000000000000000000000000000000000000000000028116                    3001090090000000000 
1040001300083Q 011000001265438102GEIDSON PEDRO SEABRA                    RUA 10                                  JARDIM PETROPOL76300000CERES          GO0000000000000000                                                                       
1040001300084R 01000000000000000000000000000000000000000000000000230062018000000000000200                                                                                                                                                       
1040001300085P 0101298027300700000000000140000000000281171122028117          3007201800000000003353600000099N2703201823007201800000000000060000000000000000000000000000000000000000000000000000000028117                    3001090090000000000 
1040001300086Q 011000001265438102GEIDSON PEDRO SEABRA                    RUA 10                                  JARDIM PETROPOL76300000CERES          GO0000000000000000                                                                       
1040001300087R 01000000000000000000000000000000000000000000000000230072018000000000000200                                                                                                                                                       
1040001300088P 0101298027300700000000000140000000000281181122028118          3008201800000000003353600000099N2703201823008201800000000000060000000000000000000000000000000000000000000000000000000028118                    3001090090000000000 
1040001300089Q 011000001265438102GEIDSON PEDRO SEABRA                    RUA 10                                  JARDIM PETROPOL76300000CERES          GO0000000000000000                                                                       
1040001300090R 01000000000000000000000000000000000000000000000000230082018000000000000200                                                                                                                                                       
1040001300091P 0101298027300700000000000140000000000281201122028120          2704201800000000008500000000099N2703201822704201800000000000060000000000000000000000000000000000000000000000000000000028120                    3001090090000000000 
1040001300092Q 012008876018000163JAYME E JAYME DE CASTRO PREST DE SERV   AV OLINDA SALA 109 QUADRA 32            JD NOVO MUNDO  74715350GOIANIA        GO0000000000000000                                                                       
1040001300093R 01000000000000000000000000000000000000000000000000227042018000000000000200                                                                                                                                                       
1040001300094P 0101298027300700000000000140000000000281211122028121          2004201800000000000590000000099N2703201822004201800000000000060000000000000000000000000000000000000000000000000000000028121                    3001090090000000000 
1040001300095Q 012011941658000114APARECIDO CINTRA - ME                   R 30                                    CARRILHO       76380000                 0000000000000000                                                                       
1040001300096R 01000000000000000000000000000000000000000000000000220042018000000000000200                                                                                                                                                       
1040001300097P 0101298027300700000000000140000000000281221122028122          2005201800000000000590000000099N2703201822005201800000000000060000000000000000000000000000000000000000000000000000000028122                    3001090090000000000 
1040001300098Q 012011941658000114APARECIDO CINTRA - ME                   R 30                                    CARRILHO       76380000                 0000000000000000                                                                       
1040001300099R 01000000000000000000000000000000000000000000000000220052018000000000000200                                                                                                                                                       
1040001300100P 0101298027300700000000000140000000000281231122028123          2006201800000000000590000000099N2703201822006201800000000000060000000000000000000000000000000000000000000000000000000028123                    3001090090000000000 
1040001300101Q 012011941658000114APARECIDO CINTRA - ME                   R 30                                    CARRILHO       76380000                 0000000000000000                                                                       
1040001300102R 01000000000000000000000000000000000000000000000000220062018000000000000200                                                                                                                                                       
1040001300103P 0101298027300700000000000140000000000281241122028124          2007201800000000000590000000099N2703201822007201800000000000060000000000000000000000000000000000000000000000000000000028124                    3001090090000000000 
1040001300104Q 012011941658000114APARECIDO CINTRA - ME                   R 30                                    CARRILHO       76380000                 0000000000000000                                                                       
1040001300105R 01000000000000000000000000000000000000000000000000220072018000000000000200                                                                                                                                                       
1040001300106P 0101298027300700000000000140000000000281251122028125          2008201800000000000590000000099N2703201822008201800000000000060000000000000000000000000000000000000000000000000000000028125                    3001090090000000000 
1040001300107Q 012011941658000114APARECIDO CINTRA - ME                   R 30                                    CARRILHO       76380000                 0000000000000000                                                                       
1040001300108R 01000000000000000000000000000000000000000000000000220082018000000000000200                                                                                                                                                       
1040001300109P 0101298027300700000000000140000000000281261122028126          2009201800000000000590000000099N2703201822009201800000000000060000000000000000000000000000000000000000000000000000000028126                    3001090090000000000 
1040001300110Q 012011941658000114APARECIDO CINTRA - ME                   R 30                                    CARRILHO       76380000                 0000000000000000                                                                       
1040001300111R 01000000000000000000000000000000000000000000000000220092018000000000000200                                                                                                                                                       
1040001300112P 0101298027300700000000000140000000000281271122028127          2010201800000000000590000000099N2703201822010201800000000000060000000000000000000000000000000000000000000000000000000028127                    3001090090000000000 
1040001300113Q 012011941658000114APARECIDO CINTRA - ME                   R 30                                    CARRILHO       76380000                 0000000000000000                                                                       
1040001300114R 01000000000000000000000000000000000000000000000000220102018000000000000200                                                                                                                                                       
1040001300115P 0101298027300700000000000140000000000281281122028128          2011201800000000000590000000099N2703201822011201800000000000060000000000000000000000000000000000000000000000000000000028128                    3001090090000000000 
1040001300116Q 012011941658000114APARECIDO CINTRA - ME                   R 30                                    CARRILHO       76380000                 0000000000000000                                                                       
1040001300117R 01000000000000000000000000000000000000000000000000220112018000000000000200                                                                                                                                                       
1040001300118P 0101298027300700000000000140000000000281291122028129          2012201800000000000590000000099N2703201822012201800000000000060000000000000000000000000000000000000000000000000000000028129                    3001090090000000000 
1040001300119Q 012011941658000114APARECIDO CINTRA - ME                   R 30                                    CARRILHO       76380000                 0000000000000000                                                                       
1040001300120R 01000000000000000000000000000000000000000000000000220122018000000000000200                                                                                                                                                       
1040001300121P 0101298027300700000000000140000000000281301122028130          2001201900000000000590000000099N2703201822001201900000000000060000000000000000000000000000000000000000000000000000000028130                    3001090090000000000 
1040001300122Q 012011941658000114APARECIDO CINTRA - ME                   R 30                                    CARRILHO       76380000                 0000000000000000                                                                       
1040001300123R 01000000000000000000000000000000000000000000000000220012019000000000000200                                                                                                                                                       
1040001300124P 0101298027300700000000000140000000000281311122028131          2002201900000000000590000000099N2703201822002201900000000000060000000000000000000000000000000000000000000000000000000028131                    3001090090000000000 
1040001300125Q 012011941658000114APARECIDO CINTRA - ME                   R 30                                    CARRILHO       76380000                 0000000000000000                                                                       
1040001300126R 01000000000000000000000000000000000000000000000000220022019000000000000200                                                                                                                                                       
1040001300127P 0101298027300700000000000140000000000281321122028132          2003201900000000000590000000099N2703201822003201900000000000060000000000000000000000000000000000000000000000000000000028132                    3001090090000000000 
1040001300128Q 012011941658000114APARECIDO CINTRA - ME                   R 30                                    CARRILHO       76380000                 0000000000000000                                                                       
1040001300129R 01000000000000000000000000000000000000000000000000220032019000000000000200                                                                                                                                                       
10400015         000131000043000000000007982800000000000000000000000000000000000000000000000                                                                                                                                                    
10499999         000001000133                                                                                                                                                                                                                   