10400000         2116559540001590000000000000000000001298027300700000000FEDERAL SISTEMAS              CAIXA ECONOMICA FEDERAL                 12706201809431100013405000000                    REMESSA-PRODUCAO                                 
10400011R0100030 20116559540001592730070000000000000001298027300700000000FEDERAL SISTEMAS                                                                                              000001342706201800000000                                 
1040001300001P 0101298027300700000000000140000000000327531122032753          2806201800000000010200000000099N2706201822806201800000000000060000000000000000000000000000000000000000000000000000000032753                    3001029090000000000 
1040001300002Q 011000006751341610CRISTIANO RODRIGO DE MORAES BORGES      RUA HUMAITA                             TUBALINA       38412000UBERLANDIA     MG0000000000000000                                                                       
1040001300003R 01000000000000000000000000000000000000000000000000228062018000000000000200                                                                                                                                                       
1040001300004P 0101298027300700000000000140000000000327541122032754          2707201800000000010200000000099N2706201822707201800000000000060000000000000000000000000000000000000000000000000000000032754                    3001029090000000000 
1040001300005Q 011000006751341610CRISTIANO RODRIGO DE MORAES BORGES      RUA HUMAITA                             TUBALINA       38412000UBERLANDIA     MG0000000000000000                                                                       
1040001300006R 01000000000000000000000000000000000000000000000000227072018000000000000200                                                                                                                                                       
1040001300007P 0101298027300700000000000140000000000327551122032755          2708201800000000010200000000099N2706201822708201800000000000060000000000000000000000000000000000000000000000000000000032755                    3001029090000000000 
1040001300008Q 011000006751341610CRISTIANO RODRIGO DE MORAES BORGES      RUA HUMAITA                             TUBALINA       38412000UBERLANDIA     MG0000000000000000                                                                       
1040001300009R 01000000000000000000000000000000000000000000000000227082018000000000000200                                                                                                                                                       
10400015         000011000003000000000003060000000000000000000000000000000000000000000000000                                                                                                                                                    
10499999         000001000013                                                                                                                                                                                                                   