10400000         2116559540001590000000000000000000001298027300700000000FEDERAL SISTEMAS              CAIXA ECONOMICA FEDERAL                 10702201818183800001405000000                    REMESSA-PRODUCAO                                 
10400011R0100030 20116559540001592730070000000000000001298027300700000000FEDERAL SISTEMAS                                                                                              000000140702201800000000                                 
1040001300001P 0101298027300700000000000140000000000260871122026087          1502201800000000002994000000099N0702201821502201800000000000000000000000000000000000000000000000000000000000000000000026087                    3001700090000000000 
1040001300002Q 012027309794000126SUPERMERCADO NOVA JERUSALEM CERES LTDA -AV GOIAS                                SETOR CURUMIM  76300000CERES          GO0000000000000000                                                                       
1040001300003R 01000000000000000000000000000000000000000000000000215022018000000000000200                                                                                                                                                       
1040001300004P 0101298027300700000000000140000000000260881122026088          2002201800000000040457000000099N0702201822002201800000000000000000000000000000000000000000000000000000000000000000000026088                    3001700090000000000 
1040001300005Q 012015686018000166SRS TECNOLOGIA E SEGURANCA-SAMUEL      RUA SIMõES FILHO,BAIRRO - PRAçA KENNEDPRACA KENNEDY 48020540ALAGOINHAS     BA0000000000000000                                                                       00
1040001300006R 01000000000000000000000000000000000000000000000000220022018000000000000200                                                                                                                                                       
1040001300007P 0101298027300700000000000140000000000260891122026089          0703201800000000000750000000099N0702201820703201800000000000000000000000000000000000000000000000000000000000000000000026089                    3001700090000000000 
1040001300008Q 012012632940000182FRALDA SUAVE D C INDUST E COMERCIO LTDA RUA 50 QD 20 LT 4 5 6                   RIALMA II      76310000RIALMA         GO0000000000000000                                                                       
1040001300009R 01000000000000000000000000000000000000000000000000207032018000000000000200                                                                                                                                                       
1040001300010P 0101298027300700000000000140000000000260901122026090          0704201800000000000750000000099N0702201820704201800000000000000000000000000000000000000000000000000000000000000000000026090                    3001700090000000000 
1040001300011Q 012012632940000182FRALDA SUAVE D C INDUST E COMERCIO LTDA RUA 50 QD 20 LT 4 5 6                   RIALMA II      76310000RIALMA         GO0000000000000000                                                                       
1040001300012R 01000000000000000000000000000000000000000000000000207042018000000000000200                                                                                                                                                       
1040001300013P 0101298027300700000000000140000000000260911122026091          0705201800000000000750000000099N0702201820705201800000000000000000000000000000000000000000000000000000000000000000000026091                    3001700090000000000 
1040001300014Q 012012632940000182FRALDA SUAVE D C INDUST E COMERCIO LTDA RUA 50 QD 20 LT 4 5 6                   RIALMA II      76310000RIALMA         GO0000000000000000                                                                       
1040001300015R 01000000000000000000000000000000000000000000000000207052018000000000000200                                                                                                                                                       
1040001300016P 0101298027300700000000000140000000000260921122026092          0706201800000000000750000000099N0702201820706201800000000000000000000000000000000000000000000000000000000000000000000026092                    3001700090000000000 
1040001300017Q 012012632940000182FRALDA SUAVE D C INDUST E COMERCIO LTDA RUA 50 QD 20 LT 4 5 6                   RIALMA II      76310000RIALMA         GO0000000000000000                                                                       
1040001300018R 01000000000000000000000000000000000000000000000000207062018000000000000200                                                                                                                                                       
1040001300019P 0101298027300700000000000140000000000260931122026093          0707201800000000000750000000099N0702201820707201800000000000000000000000000000000000000000000000000000000000000000000026093                    3001700090000000000 
1040001300020Q 012012632940000182FRALDA SUAVE D C INDUST E COMERCIO LTDA RUA 50 QD 20 LT 4 5 6                   RIALMA II      76310000RIALMA         GO0000000000000000                                                                       
1040001300021R 01000000000000000000000000000000000000000000000000207072018000000000000200                                                                                                                                                       
1040001300022P 0101298027300700000000000140000000000260941122026094          0708201800000000000750000000099N0702201820708201800000000000000000000000000000000000000000000000000000000000000000000026094                    3001700090000000000 
1040001300023Q 012012632940000182FRALDA SUAVE D C INDUST E COMERCIO LTDA RUA 50 QD 20 LT 4 5 6                   RIALMA II      76310000RIALMA         GO0000000000000000                                                                       
1040001300024R 01000000000000000000000000000000000000000000000000207082018000000000000200                                                                                                                                                       
1040001300025P 0101298027300700000000000140000000000260951122026095          0709201800000000000750000000099N0702201820709201800000000000000000000000000000000000000000000000000000000000000000000026095                    3001700090000000000 
1040001300026Q 012012632940000182FRALDA SUAVE D C INDUST E COMERCIO LTDA RUA 50 QD 20 LT 4 5 6                   RIALMA II      76310000RIALMA         GO0000000000000000                                                                       
1040001300027R 01000000000000000000000000000000000000000000000000207092018000000000000200                                                                                                                                                       
1040001300028P 0101298027300700000000000140000000000260961122026096          0710201800000000000750000000099N0702201820710201800000000000000000000000000000000000000000000000000000000000000000000026096                    3001700090000000000 
1040001300029Q 012012632940000182FRALDA SUAVE D C INDUST E COMERCIO LTDA RUA 50 QD 20 LT 4 5 6                   RIALMA II      76310000RIALMA         GO0000000000000000                                                                       
1040001300030R 01000000000000000000000000000000000000000000000000207102018000000000000200                                                                                                                                                       
1040001300031P 0101298027300700000000000140000000000260971122026097          0711201800000000000750000000099N0702201820711201800000000000000000000000000000000000000000000000000000000000000000000026097                    3001700090000000000 
1040001300032Q 012012632940000182FRALDA SUAVE D C INDUST E COMERCIO LTDA RUA 50 QD 20 LT 4 5 6                   RIALMA II      76310000RIALMA         GO0000000000000000                                                                       
1040001300033R 01000000000000000000000000000000000000000000000000207112018000000000000200                                                                                                                                                       
1040001300034P 0101298027300700000000000140000000000260981122026098          0712201800000000000750000000099N0702201820712201800000000000000000000000000000000000000000000000000000000000000000000026098                    3001700090000000000 
1040001300035Q 012012632940000182FRALDA SUAVE D C INDUST E COMERCIO LTDA RUA 50 QD 20 LT 4 5 6                   RIALMA II      76310000RIALMA         GO0000000000000000                                                                       
1040001300036R 01000000000000000000000000000000000000000000000000207122018000000000000200                                                                                                                                                       
1040001300037P 0101298027300700000000000140000000000260991122026099          0701201900000000000750000000099N0702201820701201900000000000000000000000000000000000000000000000000000000000000000000026099                    3001700090000000000 
1040001300038Q 012012632940000182FRALDA SUAVE D C INDUST E COMERCIO LTDA RUA 50 QD 20 LT 4 5 6                   RIALMA II      76310000RIALMA         GO0000000000000000                                                                       
1040001300039R 01000000000000000000000000000000000000000000000000207012019000000000000200                                                                                                                                                       
1040001300040P 0101298027300700000000000140000000000261001122026100          0702201900000000000750000000099N0702201820702201900000000000000000000000000000000000000000000000000000000000000000000026100                    3001700090000000000 
1040001300041Q 012012632940000182FRALDA SUAVE D C INDUST E COMERCIO LTDA RUA 50 QD 20 LT 4 5 6                   RIALMA II      76310000RIALMA         GO0000000000000000                                                                       
1040001300042R 01000000000000000000000000000000000000000000000000207022019000000000000200                                                                                                                                                       
1040001300043P 0101298027300700000000000140000000000261011122026101          1502201800000000054000000000099N0702201821502201800000000000000000000000000000000000000000000000000000000000000000000026101                    3001700090000000000 
1040001300044Q 012002635522000195JALLES MACHADO SA                       FAZ SAO PEDRO ROD GO 080 KM 75 1        ZONA RURAL     76380000GOIANESIA     GO0000000000000000                                                                       0
1040001300045R 01000000000000000000000000000000000000000000000000215022018000000000000200                                                                                                                                                       
1040001300046P 0101298027300700000000000140000000000261021122026102          1502201800000000019470000000099N0702201821502201800000000000000000000000000000000000000000000000000000000000000000000026102                    3001700090000000000 
1040001300047Q 012089723977008800TONIOLO BUSNELLO SA - TUNEIS TERR E PAVIRODOVIA GO 154 SEM NUMERO               ZONA RURAL     76370000ABADIA DE GOIáGO0000000000000000                                                                       
1040001300048R 01000000000000000000000000000000000000000000000000215022018000000000000200                                                                                                                                                       
10400015         000050000016000000000012592100000000000000000000000000000000000000000000000                                                                                                                                                    
10499999         000001000052                                                                                                                                                                                                                   