10400000         2116559540001590000000000000000000001298027300700000000FEDERAL SISTEMAS              CAIXA ECONOMICA FEDERAL                 11902201809245300002105000000                    REMESSA-PRODUCAO                                 
10400011R0100030 20116559540001592730070000000000000001298027300700000000FEDERAL SISTEMAS                                                                                              000000211902201800000000                                 
1040001300001P 0101298027300700000000000140000000000262091122026209          2502201800000000014200000000099N1502201822502201800000000000000000000000000000000000000000000000000000000000000000000026209                    3001700090000000000 
1040001300002Q 012002635522000195JALLES MACHADO SA                       FAZ SAO PEDRO ROD GO 080 KM 75 1        ZONA RURAL     76380000GOIANESIA     GO0000000000000000                                                                       0
1040001300003R 01000000000000000000000000000000000000000000000000225022018000000000000200                                                                                                                                                       
1040001300004P 0101298027300700000000000140000000000262111122026211          1602201800000000000400000000099N1502201821602201800000000000000000000000000000000000000000000000000000000000000000000026211                    3001700090000000000 
1040001300005Q 011000009109352465CARLOS EDUARDO SILVA DE GOIS            RUA MARCOS CAVALCANTE                   QUINTAS        59035050NATAL          RN0000000000000000                                                                       
1040001300006R 01000000000000000000000000000000000000000000000000216022018000000000000200                                                                                                                                                       
10400015         000008000002000000000001460000000000000000000000000000000000000000000000000                                                                                                                                                    
10499999         000001000010                                                                                                                                                                                                                   