10400000         2116559540001590000000000000000000001298027300700000000FEDERAL SISTEMAS              CAIXA ECONOMICA FEDERAL                 10406201806313600011405000000                    REMESSA-PRODUCAO                                 
10400011R0100030 20116559540001592730070000000000000001298027300700000000FEDERAL SISTEMAS                                                                                              000001140406201800000000                                 
1040001300001P 0101298027300700000000000140000000000313101122031310          0506201800000000218295000000099N2405201820506201800000000000060000000000000000000000000000000000000000000000000000000031310                    3001029090000000000 
1040001300002Q 012042184226001101ANGLO AMERICAN NIQUEL BRASIL LTDA       ROD GO 565, KM 6,2                      ZONA RURAL     76390000BARRO ALTO     GO0000000000000000                                                                       
1040001300003R 01000000000000000000000000000000000000000000000000205062018000000000000200                                                                                                                                                       
1040001300004P 0101298027300700000000000140000000000313121122031312          2806201800000000005550000000099N2405201822806201800000000000060000000000000000000000000000000000000000000000000000000031312                    3001029090000000000 
1040001300005Q 011000014942348234FRANCISCO DE MOURA BOMFIM               RUA VICUNHA                             CONCEICAO      76808384PORTO VELHO    RO0000000000000000                                                                       
1040001300006R 01000000000000000000000000000000000000000000000000228062018000000000000200                                                                                                                                                       
1040001300007P 0101298027300700000000000140000000000313131122031313          1506201800000000002500000000099N2405201821506201800000000000060000000000000000000000000000000000000000000000000000000031313                    3001029090000000000 
1040001300008Q 012024350887000106AJ DA SILVA - SERVICOS - ME             RUA JOSE CARRILHO                       CENTRO         76380000GOIANESIA      GO0000000000000000                                                                       
1040001300009R 01000000000000000000000000000000000000000000000000215062018000000000000200                                                                                                                                                       
1040001300010P 0101298027300700000000000140000000000313141122031314          2006201800000000000590000000099N2405201822006201800000000000060000000000000000000000000000000000000000000000000000000031314                    3001029090000000000 
1040001300011Q 012024350887000106AJ DA SILVA - SERVICOS - ME             RUA JOSE CARRILHO                       CENTRO         76380000GOIANESIA      GO0000000000000000                                                                       
1040001300012R 01000000000000000000000000000000000000000000000000220062018000000000000200                                                                                                                                                       
1040001300013P 0101298027300700000000000140000000000313151122031315          2007201800000000000590000000099N2405201822007201800000000000060000000000000000000000000000000000000000000000000000000031315                    3001029090000000000 
1040001300014Q 012024350887000106AJ DA SILVA - SERVICOS - ME             RUA JOSE CARRILHO                       CENTRO         76380000GOIANESIA      GO0000000000000000                                                                       
1040001300015R 01000000000000000000000000000000000000000000000000220072018000000000000200                                                                                                                                                       
1040001300016P 0101298027300700000000000140000000000313161122031316          2008201800000000000590000000099N2405201822008201800000000000060000000000000000000000000000000000000000000000000000000031316                    3001029090000000000 
1040001300017Q 012024350887000106AJ DA SILVA - SERVICOS - ME             RUA JOSE CARRILHO                       CENTRO         76380000GOIANESIA      GO0000000000000000                                                                       
1040001300018R 01000000000000000000000000000000000000000000000000220082018000000000000200                                                                                                                                                       
1040001300019P 0101298027300700000000000140000000000313171122031317          2009201800000000000590000000099N2405201822009201800000000000060000000000000000000000000000000000000000000000000000000031317                    3001029090000000000 
1040001300020Q 012024350887000106AJ DA SILVA - SERVICOS - ME             RUA JOSE CARRILHO                       CENTRO         76380000GOIANESIA      GO0000000000000000                                                                       
1040001300021R 01000000000000000000000000000000000000000000000000220092018000000000000200                                                                                                                                                       
1040001300022P 0101298027300700000000000140000000000313181122031318          2010201800000000000590000000099N2405201822010201800000000000060000000000000000000000000000000000000000000000000000000031318                    3001029090000000000 
1040001300023Q 012024350887000106AJ DA SILVA - SERVICOS - ME             RUA JOSE CARRILHO                       CENTRO         76380000GOIANESIA      GO0000000000000000                                                                       
1040001300024R 01000000000000000000000000000000000000000000000000220102018000000000000200                                                                                                                                                       
1040001300025P 0101298027300700000000000140000000000313191122031319          2011201800000000000590000000099N2405201822011201800000000000060000000000000000000000000000000000000000000000000000000031319                    3001029090000000000 
1040001300026Q 012024350887000106AJ DA SILVA - SERVICOS - ME             RUA JOSE CARRILHO                       CENTRO         76380000GOIANESIA      GO0000000000000000                                                                       
1040001300027R 01000000000000000000000000000000000000000000000000220112018000000000000200                                                                                                                                                       
1040001300028P 0101298027300700000000000140000000000313201122031320          2012201800000000000590000000099N2405201822012201800000000000060000000000000000000000000000000000000000000000000000000031320                    3001029090000000000 
1040001300029Q 012024350887000106AJ DA SILVA - SERVICOS - ME             RUA JOSE CARRILHO                       CENTRO         76380000GOIANESIA      GO0000000000000000                                                                       
1040001300030R 01000000000000000000000000000000000000000000000000220122018000000000000200                                                                                                                                                       
1040001300031P 0101298027300700000000000140000000000313211122031321          2001201900000000000590000000099N2405201822001201900000000000060000000000000000000000000000000000000000000000000000000031321                    3001029090000000000 
1040001300032Q 012024350887000106AJ DA SILVA - SERVICOS - ME             RUA JOSE CARRILHO                       CENTRO         76380000GOIANESIA      GO0000000000000000                                                                       
1040001300033R 01000000000000000000000000000000000000000000000000220012019000000000000200                                                                                                                                                       
1040001300034P 0101298027300700000000000140000000000313221122031322          2002201900000000000590000000099N2405201822002201900000000000060000000000000000000000000000000000000000000000000000000031322                    3001029090000000000 
1040001300035Q 012024350887000106AJ DA SILVA - SERVICOS - ME             RUA JOSE CARRILHO                       CENTRO         76380000GOIANESIA      GO0000000000000000                                                                       
1040001300036R 01000000000000000000000000000000000000000000000000220022019000000000000200                                                                                                                                                       
1040001300037P 0101298027300700000000000140000000000313231122031323          2003201900000000000590000000099N2405201822003201900000000000060000000000000000000000000000000000000000000000000000000031323                    3001029090000000000 
1040001300038Q 012024350887000106AJ DA SILVA - SERVICOS - ME             RUA JOSE CARRILHO                       CENTRO         76380000GOIANESIA      GO0000000000000000                                                                       
1040001300039R 01000000000000000000000000000000000000000000000000220032019000000000000200                                                                                                                                                       
1040001300040P 0101298027300700000000000140000000000313241122031324          2004201900000000000590000000099N2405201822004201900000000000060000000000000000000000000000000000000000000000000000000031324                    3001029090000000000 
1040001300041Q 012024350887000106AJ DA SILVA - SERVICOS - ME             RUA JOSE CARRILHO                       CENTRO         76380000GOIANESIA      GO0000000000000000                                                                       
1040001300042R 01000000000000000000000000000000000000000000000000220042019000000000000200                                                                                                                                                       
1040001300043P 0101298027300700000000000140000000000313251122031325          2005201900000000000590000000099N2405201822005201900000000000060000000000000000000000000000000000000000000000000000000031325                    3001029090000000000 
1040001300044Q 012024350887000106AJ DA SILVA - SERVICOS - ME             RUA JOSE CARRILHO                       CENTRO         76380000GOIANESIA      GO0000000000000000                                                                       
1040001300045R 01000000000000000000000000000000000000000000000000220052019000000000000200                                                                                                                                                       
10400015         000047000015000000000023342500000000000000000000000000000000000000000000000                                                                                                                                                    
10499999         000001000049                                                                                                                                                                                                                   