10400000         2116559540001590000000000000000000001298027300700000000FEDERAL SISTEMAS              CAIXA ECONOMICA FEDERAL                 10503201818442400003105000000                    REMESSA-PRODUCAO                                 
10400011R0100030 20116559540001592730070000000000000001298027300700000000FEDERAL SISTEMAS                                                                                              000000310503201800000000                                 
1040001300001P 0101298027300700000000000140000000000265651122026565          0203201800000000000490000000099N0203201820203201800000000000000000000000000000000000000000000000000000000000000000000026565                    3001700090000000000 
1040001300002Q 012024545430000157ANDRESSA LEMOS GARCIA 02369606010       R. ELIS REGINA                                         95720000ESTEIO         RS0000000000000000                                                                       
1040001300003R 01000000000000000000000000000000000000000000000000202032018000000000000200                                                                                                                                                       
1040001300004P 0101298027300700000000000140000000000265661122026566          1504201800000000002500000000099N0203201821504201800000000000000000000000000000000000000000000000000000000000000000000026566                    3001700090000000000 
1040001300005Q 012000041327002317CORINGA DOS PNEUS LTDA                  AVENIDA BERNADO SAYAO                  AMELIA BRANDÃO76310000RIALMA         GO0000000000000000                                                                       0
1040001300006R 01000000000000000000000000000000000000000000000000215042018000000000000200                                                                                                                                                       
1040001300007P 0101298027300700000000000140000000000265671122026567          1505201800000000002500000000099N0203201821505201800000000000000000000000000000000000000000000000000000000000000000000026567                    3001700090000000000 
1040001300008Q 012000041327002317CORINGA DOS PNEUS LTDA                  AVENIDA BERNADO SAYAO                  AMELIA BRANDÃO76310000RIALMA         GO0000000000000000                                                                       0
1040001300009R 01000000000000000000000000000000000000000000000000215052018000000000000200                                                                                                                                                       
1040001300010P 0101298027300700000000000140000000000265681122026568          1506201800000000002500000000099N0203201821506201800000000000000000000000000000000000000000000000000000000000000000000026568                    3001700090000000000 
1040001300011Q 012000041327002317CORINGA DOS PNEUS LTDA                  AVENIDA BERNADO SAYAO                  AMELIA BRANDÃO76310000RIALMA         GO0000000000000000                                                                       0
1040001300012R 01000000000000000000000000000000000000000000000000215062018000000000000200                                                                                                                                                       
1040001300013P 0101298027300700000000000140000000000265691122026569          1507201800000000002500000000099N0203201821507201800000000000000000000000000000000000000000000000000000000000000000000026569                    3001700090000000000 
1040001300014Q 012000041327002317CORINGA DOS PNEUS LTDA                  AVENIDA BERNADO SAYAO                  AMELIA BRANDÃO76310000RIALMA         GO0000000000000000                                                                       0
1040001300015R 01000000000000000000000000000000000000000000000000215072018000000000000200                                                                                                                                                       
1040001300016P 0101298027300700000000000140000000000265701122026570          1508201800000000002500000000099N0203201821508201800000000000000000000000000000000000000000000000000000000000000000000026570                    3001700090000000000 
1040001300017Q 012000041327002317CORINGA DOS PNEUS LTDA                  AVENIDA BERNADO SAYAO                  AMELIA BRANDÃO76310000RIALMA         GO0000000000000000                                                                       0
1040001300018R 01000000000000000000000000000000000000000000000000215082018000000000000200                                                                                                                                                       
1040001300019P 0101298027300700000000000140000000000265711122026571          1509201800000000002500000000099N0203201821509201800000000000000000000000000000000000000000000000000000000000000000000026571                    3001700090000000000 
1040001300020Q 012000041327002317CORINGA DOS PNEUS LTDA                  AVENIDA BERNADO SAYAO                  AMELIA BRANDÃO76310000RIALMA         GO0000000000000000                                                                       0
1040001300021R 01000000000000000000000000000000000000000000000000215092018000000000000200                                                                                                                                                       
1040001300022P 0101298027300700000000000140000000000265721122026572          1510201800000000002500000000099N0203201821510201800000000000000000000000000000000000000000000000000000000000000000000026572                    3001700090000000000 
1040001300023Q 012000041327002317CORINGA DOS PNEUS LTDA                  AVENIDA BERNADO SAYAO                  AMELIA BRANDÃO76310000RIALMA         GO0000000000000000                                                                       0
1040001300024R 01000000000000000000000000000000000000000000000000215102018000000000000200                                                                                                                                                       
1040001300025P 0101298027300700000000000140000000000265731122026573          1511201800000000002500000000099N0203201821511201800000000000000000000000000000000000000000000000000000000000000000000026573                    3001700090000000000 
1040001300026Q 012000041327002317CORINGA DOS PNEUS LTDA                  AVENIDA BERNADO SAYAO                  AMELIA BRANDÃO76310000RIALMA         GO0000000000000000                                                                       0
1040001300027R 01000000000000000000000000000000000000000000000000215112018000000000000200                                                                                                                                                       
1040001300028P 0101298027300700000000000140000000000265741122026574          1512201800000000002500000000099N0203201821512201800000000000000000000000000000000000000000000000000000000000000000000026574                    3001700090000000000 
1040001300029Q 012000041327002317CORINGA DOS PNEUS LTDA                  AVENIDA BERNADO SAYAO                  AMELIA BRANDÃO76310000RIALMA         GO0000000000000000                                                                       0
1040001300030R 01000000000000000000000000000000000000000000000000215122018000000000000200                                                                                                                                                       
1040001300031P 0101298027300700000000000140000000000265751122026575          1501201900000000002500000000099N0203201821501201900000000000000000000000000000000000000000000000000000000000000000000026575                    3001700090000000000 
1040001300032Q 012000041327002317CORINGA DOS PNEUS LTDA                  AVENIDA BERNADO SAYAO                  AMELIA BRANDÃO76310000RIALMA         GO0000000000000000                                                                       0
1040001300033R 01000000000000000000000000000000000000000000000000215012019000000000000200                                                                                                                                                       
1040001300034P 0101298027300700000000000140000000000265761122026576          1502201900000000002500000000099N0203201821502201900000000000000000000000000000000000000000000000000000000000000000000026576                    3001700090000000000 
1040001300035Q 012000041327002317CORINGA DOS PNEUS LTDA                  AVENIDA BERNADO SAYAO                  AMELIA BRANDÃO76310000RIALMA         GO0000000000000000                                                                       0
1040001300036R 01000000000000000000000000000000000000000000000000215022019000000000000200                                                                                                                                                       
1040001300037P 0101298027300700000000000140000000000265771122026577          1503201900000000002500000000099N0203201821503201900000000000000000000000000000000000000000000000000000000000000000000026577                    3001700090000000000 
1040001300038Q 012000041327002317CORINGA DOS PNEUS LTDA                  AVENIDA BERNADO SAYAO                  AMELIA BRANDÃO76310000RIALMA         GO0000000000000000                                                                       0
1040001300039R 01000000000000000000000000000000000000000000000000215032019000000000000200                                                                                                                                                       
1040001300040P 0101298027300700000000000140000000000265781122026578          2006201800000000001180000000099N0203201822006201800000000000000000000000000000000000000000000000000000000000000000000026578                    3001700090000000000 
1040001300041Q 012097536195000120ANTONIO DE OLIVEIRA NETO SERVICOS       RUA CANADA POVOADO DE JUSCELANDIA       CENTRO         76380000GOIANESIA     GO0000000000000000                                                                       0
1040001300042R 01000000000000000000000000000000000000000000000000220062018000000000000200                                                                                                                                                       
1040001300043P 0101298027300700000000000140000000000265791122026579          2007201800000000001180000000099N0203201822007201800000000000000000000000000000000000000000000000000000000000000000000026579                    3001700090000000000 
1040001300044Q 012097536195000120ANTONIO DE OLIVEIRA NETO SERVICOS       RUA CANADA POVOADO DE JUSCELANDIA       CENTRO         76380000GOIANESIA     GO0000000000000000                                                                       0
1040001300045R 01000000000000000000000000000000000000000000000000220072018000000000000200                                                                                                                                                       
1040001300046P 0101298027300700000000000140000000000265801122026580          2008201800000000001180000000099N0203201822008201800000000000000000000000000000000000000000000000000000000000000000000026580                    3001700090000000000 
1040001300047Q 012097536195000120ANTONIO DE OLIVEIRA NETO SERVICOS       RUA CANADA POVOADO DE JUSCELANDIA       CENTRO         76380000GOIANESIA     GO0000000000000000                                                                       0
1040001300048R 01000000000000000000000000000000000000000000000000220082018000000000000200                                                                                                                                                       
1040001300049P 0101298027300700000000000140000000000265811122026581          2009201800000000001180000000099N0203201822009201800000000000000000000000000000000000000000000000000000000000000000000026581                    3001700090000000000 
1040001300050Q 012097536195000120ANTONIO DE OLIVEIRA NETO SERVICOS       RUA CANADA POVOADO DE JUSCELANDIA       CENTRO         76380000GOIANESIA     GO0000000000000000                                                                       0
1040001300051R 01000000000000000000000000000000000000000000000000220092018000000000000200                                                                                                                                                       
1040001300052P 0101298027300700000000000140000000000265821122026582          2010201800000000001180000000099N0203201822010201800000000000000000000000000000000000000000000000000000000000000000000026582                    3001700090000000000 
1040001300053Q 012097536195000120ANTONIO DE OLIVEIRA NETO SERVICOS       RUA CANADA POVOADO DE JUSCELANDIA       CENTRO         76380000GOIANESIA     GO0000000000000000                                                                       0
1040001300054R 01000000000000000000000000000000000000000000000000220102018000000000000200                                                                                                                                                       
1040001300055P 0101298027300700000000000140000000000265831122026583          2011201800000000001180000000099N0203201822011201800000000000000000000000000000000000000000000000000000000000000000000026583                    3001700090000000000 
1040001300056Q 012097536195000120ANTONIO DE OLIVEIRA NETO SERVICOS       RUA CANADA POVOADO DE JUSCELANDIA       CENTRO         76380000GOIANESIA     GO0000000000000000                                                                       0
1040001300057R 01000000000000000000000000000000000000000000000000220112018000000000000200                                                                                                                                                       
1040001300058P 0101298027300700000000000140000000000265841122026584          2012201800000000001180000000099N0203201822012201800000000000000000000000000000000000000000000000000000000000000000000026584                    3001700090000000000 
1040001300059Q 012097536195000120ANTONIO DE OLIVEIRA NETO SERVICOS       RUA CANADA POVOADO DE JUSCELANDIA       CENTRO         76380000GOIANESIA     GO0000000000000000                                                                       0
1040001300060R 01000000000000000000000000000000000000000000000000220122018000000000000200                                                                                                                                                       
1040001300061P 0101298027300700000000000140000000000265851122026585          2001201900000000001180000000099N0203201822001201900000000000000000000000000000000000000000000000000000000000000000000026585                    3001700090000000000 
1040001300062Q 012097536195000120ANTONIO DE OLIVEIRA NETO SERVICOS       RUA CANADA POVOADO DE JUSCELANDIA       CENTRO         76380000GOIANESIA     GO0000000000000000                                                                       0
1040001300063R 01000000000000000000000000000000000000000000000000220012019000000000000200                                                                                                                                                       
1040001300064P 0101298027300700000000000140000000000265861122026586          2002201900000000001180000000099N0203201822002201900000000000000000000000000000000000000000000000000000000000000000000026586                    3001700090000000000 
1040001300065Q 012097536195000120ANTONIO DE OLIVEIRA NETO SERVICOS       RUA CANADA POVOADO DE JUSCELANDIA       CENTRO         76380000GOIANESIA     GO0000000000000000                                                                       0
1040001300066R 01000000000000000000000000000000000000000000000000220022019000000000000200                                                                                                                                                       
1040001300067P 0101298027300700000000000140000000000265871122026587          2003201900000000001180000000099N0203201822003201900000000000000000000000000000000000000000000000000000000000000000000026587                    3001700090000000000 
1040001300068Q 012097536195000120ANTONIO DE OLIVEIRA NETO SERVICOS       RUA CANADA POVOADO DE JUSCELANDIA       CENTRO         76380000GOIANESIA     GO0000000000000000                                                                       0
1040001300069R 01000000000000000000000000000000000000000000000000220032019000000000000200                                                                                                                                                       
1040001300070P 0101298027300700000000000140000000000265881122026588          2004201900000000001180000000099N0203201822004201900000000000000000000000000000000000000000000000000000000000000000000026588                    3001700090000000000 
1040001300071Q 012097536195000120ANTONIO DE OLIVEIRA NETO SERVICOS       RUA CANADA POVOADO DE JUSCELANDIA       CENTRO         76380000GOIANESIA     GO0000000000000000                                                                       0
1040001300072R 01000000000000000000000000000000000000000000000000220042019000000000000200                                                                                                                                                       
1040001300073P 0101298027300700000000000140000000000265891122026589          2005201900000000001180000000099N0203201822005201900000000000000000000000000000000000000000000000000000000000000000000026589                    3001700090000000000 
1040001300074Q 012097536195000120ANTONIO DE OLIVEIRA NETO SERVICOS       RUA CANADA POVOADO DE JUSCELANDIA       CENTRO         76380000GOIANESIA     GO0000000000000000                                                                       0
1040001300075R 01000000000000000000000000000000000000000000000000220052019000000000000200                                                                                                                                                       
1040001300076P 0101298027300700000000000140000000000265901122026590          2703201800000000038940000000099N0203201822703201800000000000000000000000000000000000000000000000000000000000000000000026590                    3001700090000000000 
1040001300077Q 012002199795000134EDMAR VILELA                            AVENIDA INDUSTRIAL N 221                CENTRO         76300000CERES          GO0000000000000000                                                                       
1040001300078R 01000000000000000000000000000000000000000000000000227032018000000000000200                                                                                                                                                       
10400015         000080000026000000000008359000000000000000000000000000000000000000000000000                                                                                                                                                    
10499999         000001000082                                                                                                                                                                                                                   