10400000         2116559540001590000000000000000000001298027300700000000FEDERAL SISTEMAS              CAIXA ECONOMICA FEDERAL                 11005201806491700008705000000                    REMESSA-PRODUCAO                                 
10400011R0100030 20116559540001592730070000000000000001298027300700000000FEDERAL SISTEMAS                                                                                              000000871005201800000000                                 
1040001300001P 0101298027300700000000000140000000000296731122029673          2804201800000000002000000000099N2004201822804201800000000000060000000000000000000000000000000000000000000000000000000029673                    3001090090000000000 
1040001300002Q 011000000612441121VICTOR HUGO DE FIGUEIREDO MELO          RUA R8 QD R2A APARTAMENTO 1803A (EDIFICISETOR OESTE    74125010GOIANIA        GO0000000000000000                                                                       
1040001300003R 01000000000000000000000000000000000000000000000000228042018000000000000200                                                                                                                                                       
1040001300004P 0101298027300700000000000140000000000296741122029674          0506201800000000000399000000099N2004201820506201800000000000060000000000000000000000000000000000000000000000000000000029674                    3001090090000000000 
1040001300005Q 011000000612441121VICTOR HUGO DE FIGUEIREDO MELO          RUA R8 QD R2A APARTAMENTO 1803A (EDIFICISETOR OESTE    74125010GOIANIA        GO0000000000000000                                                                       
1040001300006R 01000000000000000000000000000000000000000000000000205062018000000000000200                                                                                                                                                       
1040001300007P 0101298027300700000000000140000000000296751122029675          0507201800000000000399000000099N2004201820507201800000000000060000000000000000000000000000000000000000000000000000000029675                    3001090090000000000 
1040001300008Q 011000000612441121VICTOR HUGO DE FIGUEIREDO MELO          RUA R8 QD R2A APARTAMENTO 1803A (EDIFICISETOR OESTE    74125010GOIANIA        GO0000000000000000                                                                       
1040001300009R 01000000000000000000000000000000000000000000000000205072018000000000000200                                                                                                                                                       
1040001300010P 0101298027300700000000000140000000000296761122029676          0508201800000000000399000000099N2004201820508201800000000000060000000000000000000000000000000000000000000000000000000029676                    3001090090000000000 
1040001300011Q 011000000612441121VICTOR HUGO DE FIGUEIREDO MELO          RUA R8 QD R2A APARTAMENTO 1803A (EDIFICISETOR OESTE    74125010GOIANIA        GO0000000000000000                                                                       
1040001300012R 01000000000000000000000000000000000000000000000000205082018000000000000200                                                                                                                                                       
1040001300013P 0101298027300700000000000140000000000296771122029677          0509201800000000000399000000099N2004201820509201800000000000060000000000000000000000000000000000000000000000000000000029677                    3001090090000000000 
1040001300014Q 011000000612441121VICTOR HUGO DE FIGUEIREDO MELO          RUA R8 QD R2A APARTAMENTO 1803A (EDIFICISETOR OESTE    74125010GOIANIA        GO0000000000000000                                                                       
1040001300015R 01000000000000000000000000000000000000000000000000205092018000000000000200                                                                                                                                                       
1040001300016P 0101298027300700000000000140000000000296781122029678          0510201800000000000399000000099N2004201820510201800000000000060000000000000000000000000000000000000000000000000000000029678                    3001090090000000000 
1040001300017Q 011000000612441121VICTOR HUGO DE FIGUEIREDO MELO          RUA R8 QD R2A APARTAMENTO 1803A (EDIFICISETOR OESTE    74125010GOIANIA        GO0000000000000000                                                                       
1040001300018R 01000000000000000000000000000000000000000000000000205102018000000000000200                                                                                                                                                       
1040001300019P 0101298027300700000000000140000000000296791122029679          0511201800000000000399000000099N2004201820511201800000000000060000000000000000000000000000000000000000000000000000000029679                    3001090090000000000 
1040001300020Q 011000000612441121VICTOR HUGO DE FIGUEIREDO MELO          RUA R8 QD R2A APARTAMENTO 1803A (EDIFICISETOR OESTE    74125010GOIANIA        GO0000000000000000                                                                       
1040001300021R 01000000000000000000000000000000000000000000000000205112018000000000000200                                                                                                                                                       
1040001300022P 0101298027300700000000000140000000000296801122029680          0512201800000000000399000000099N2004201820512201800000000000060000000000000000000000000000000000000000000000000000000029680                    3001090090000000000 
1040001300023Q 011000000612441121VICTOR HUGO DE FIGUEIREDO MELO          RUA R8 QD R2A APARTAMENTO 1803A (EDIFICISETOR OESTE    74125010GOIANIA        GO0000000000000000                                                                       
1040001300024R 01000000000000000000000000000000000000000000000000205122018000000000000200                                                                                                                                                       
1040001300025P 0101298027300700000000000140000000000296811122029681          0501201900000000000399000000099N2004201820501201900000000000060000000000000000000000000000000000000000000000000000000029681                    3001090090000000000 
1040001300026Q 011000000612441121VICTOR HUGO DE FIGUEIREDO MELO          RUA R8 QD R2A APARTAMENTO 1803A (EDIFICISETOR OESTE    74125010GOIANIA        GO0000000000000000                                                                       
1040001300027R 01000000000000000000000000000000000000000000000000205012019000000000000200                                                                                                                                                       
1040001300028P 0101298027300700000000000140000000000296821122029682          0502201900000000000399000000099N2004201820502201900000000000060000000000000000000000000000000000000000000000000000000029682                    3001090090000000000 
1040001300029Q 011000000612441121VICTOR HUGO DE FIGUEIREDO MELO          RUA R8 QD R2A APARTAMENTO 1803A (EDIFICISETOR OESTE    74125010GOIANIA        GO0000000000000000                                                                       
1040001300030R 01000000000000000000000000000000000000000000000000205022019000000000000200                                                                                                                                                       
1040001300031P 0101298027300700000000000140000000000296831122029683          0503201900000000000399000000099N2004201820503201900000000000060000000000000000000000000000000000000000000000000000000029683                    3001090090000000000 
1040001300032Q 011000000612441121VICTOR HUGO DE FIGUEIREDO MELO          RUA R8 QD R2A APARTAMENTO 1803A (EDIFICISETOR OESTE    74125010GOIANIA        GO0000000000000000                                                                       
1040001300033R 01000000000000000000000000000000000000000000000000205032019000000000000200                                                                                                                                                       
1040001300034P 0101298027300700000000000140000000000296841122029684          0504201900000000000399000000099N2004201820504201900000000000060000000000000000000000000000000000000000000000000000000029684                    3001090090000000000 
1040001300035Q 011000000612441121VICTOR HUGO DE FIGUEIREDO MELO          RUA R8 QD R2A APARTAMENTO 1803A (EDIFICISETOR OESTE    74125010GOIANIA        GO0000000000000000                                                                       
1040001300036R 01000000000000000000000000000000000000000000000000205042019000000000000200                                                                                                                                                       
1040001300037P 0101298027300700000000000140000000000296851122029685          0505201900000000000399000000099N2004201820505201900000000000060000000000000000000000000000000000000000000000000000000029685                    3001090090000000000 
1040001300038Q 011000000612441121VICTOR HUGO DE FIGUEIREDO MELO          RUA R8 QD R2A APARTAMENTO 1803A (EDIFICISETOR OESTE    74125010GOIANIA        GO0000000000000000                                                                       
1040001300039R 01000000000000000000000000000000000000000000000000205052019000000000000200                                                                                                                                                       
1040001300040P 0101298027300700000000000140000000000296881122029688          2005201800000000000399000000099N2004201822005201800000000000060000000000000000000000000000000000000000000000000000000029688                    3001090090000000000 
1040001300041Q 011000024586145153REGINALDO DE FREITAS CARDOSO            RUA 33                                  CARRILHO       76380767GOIANESIA      GO0000000000000000                                                                       
1040001300042R 01000000000000000000000000000000000000000000000000220052018000000000000200                                                                                                                                                       
1040001300043P 0101298027300700000000000140000000000296891122029689          2006201800000000000399000000099N2004201822006201800000000000060000000000000000000000000000000000000000000000000000000029689                    3001090090000000000 
1040001300044Q 011000024586145153REGINALDO DE FREITAS CARDOSO            RUA 33                                  CARRILHO       76380767GOIANESIA      GO0000000000000000                                                                       
1040001300045R 01000000000000000000000000000000000000000000000000220062018000000000000200                                                                                                                                                       
1040001300046P 0101298027300700000000000140000000000296901122029690          2007201800000000000399000000099N2004201822007201800000000000060000000000000000000000000000000000000000000000000000000029690                    3001090090000000000 
1040001300047Q 011000024586145153REGINALDO DE FREITAS CARDOSO            RUA 33                                  CARRILHO       76380767GOIANESIA      GO0000000000000000                                                                       
1040001300048R 01000000000000000000000000000000000000000000000000220072018000000000000200                                                                                                                                                       
1040001300049P 0101298027300700000000000140000000000296911122029691          2008201800000000000399000000099N2004201822008201800000000000060000000000000000000000000000000000000000000000000000000029691                    3001090090000000000 
1040001300050Q 011000024586145153REGINALDO DE FREITAS CARDOSO            RUA 33                                  CARRILHO       76380767GOIANESIA      GO0000000000000000                                                                       
1040001300051R 01000000000000000000000000000000000000000000000000220082018000000000000200                                                                                                                                                       
1040001300052P 0101298027300700000000000140000000000296921122029692          2009201800000000000399000000099N2004201822009201800000000000060000000000000000000000000000000000000000000000000000000029692                    3001090090000000000 
1040001300053Q 011000024586145153REGINALDO DE FREITAS CARDOSO            RUA 33                                  CARRILHO       76380767GOIANESIA      GO0000000000000000                                                                       
1040001300054R 01000000000000000000000000000000000000000000000000220092018000000000000200                                                                                                                                                       
1040001300055P 0101298027300700000000000140000000000296931122029693          2010201800000000000399000000099N2004201822010201800000000000060000000000000000000000000000000000000000000000000000000029693                    3001090090000000000 
1040001300056Q 011000024586145153REGINALDO DE FREITAS CARDOSO            RUA 33                                  CARRILHO       76380767GOIANESIA      GO0000000000000000                                                                       
1040001300057R 01000000000000000000000000000000000000000000000000220102018000000000000200                                                                                                                                                       
1040001300058P 0101298027300700000000000140000000000296941122029694          2011201800000000000399000000099N2004201822011201800000000000060000000000000000000000000000000000000000000000000000000029694                    3001090090000000000 
1040001300059Q 011000024586145153REGINALDO DE FREITAS CARDOSO            RUA 33                                  CARRILHO       76380767GOIANESIA      GO0000000000000000                                                                       
1040001300060R 01000000000000000000000000000000000000000000000000220112018000000000000200                                                                                                                                                       
1040001300061P 0101298027300700000000000140000000000296951122029695          2012201800000000000399000000099N2004201822012201800000000000060000000000000000000000000000000000000000000000000000000029695                    3001090090000000000 
1040001300062Q 011000024586145153REGINALDO DE FREITAS CARDOSO            RUA 33                                  CARRILHO       76380767GOIANESIA      GO0000000000000000                                                                       
1040001300063R 01000000000000000000000000000000000000000000000000220122018000000000000200                                                                                                                                                       
1040001300064P 0101298027300700000000000140000000000296961122029696          2001201900000000000399000000099N2004201822001201900000000000060000000000000000000000000000000000000000000000000000000029696                    3001090090000000000 
1040001300065Q 011000024586145153REGINALDO DE FREITAS CARDOSO            RUA 33                                  CARRILHO       76380767GOIANESIA      GO0000000000000000                                                                       
1040001300066R 01000000000000000000000000000000000000000000000000220012019000000000000200                                                                                                                                                       
1040001300067P 0101298027300700000000000140000000000296971122029697          2002201900000000000399000000099N2004201822002201900000000000060000000000000000000000000000000000000000000000000000000029697                    3001090090000000000 
1040001300068Q 011000024586145153REGINALDO DE FREITAS CARDOSO            RUA 33                                  CARRILHO       76380767GOIANESIA      GO0000000000000000                                                                       
1040001300069R 01000000000000000000000000000000000000000000000000220022019000000000000200                                                                                                                                                       
1040001300070P 0101298027300700000000000140000000000296981122029698          2003201900000000000399000000099N2004201822003201900000000000060000000000000000000000000000000000000000000000000000000029698                    3001090090000000000 
1040001300071Q 011000024586145153REGINALDO DE FREITAS CARDOSO            RUA 33                                  CARRILHO       76380767GOIANESIA      GO0000000000000000                                                                       
1040001300072R 01000000000000000000000000000000000000000000000000220032019000000000000200                                                                                                                                                       
10400015         000074000024000000000001117700000000000000000000000000000000000000000000000                                                                                                                                                    
10499999         000001000076                                                                                                                                                                                                                   