10400000         2116559540001590000000000000000000001298027300700000000FEDERAL SISTEMAS              CAIXA ECONOMICA FEDERAL                 10204201816443200005505000000                    REMESSA-PRODUCAO                                 
10400011R0100030 20116559540001592730070000000000000001298027300700000000FEDERAL SISTEMAS                                                                                              000000550204201800000000                                 
1040001300001P 0101298027300700000000000140000000000281331122028133          1601201800000000002800000000099N2803201821601201800000000000060000000000000000000000000000000000000000000000000000000028133                    3001090090000000000 
1040001300002Q 012033057777000141LOJAS 0800                              AVENIDA BERNADO SAYAO                   CENTRO         76300000CERES          GO0000000000000000                                                                       
1040001300003R 01000000000000000000000000000000000000000000000000216012018000000000000200                                                                                                                                                       
1040001300004P 0101298027300700000000000140000000000281341122028134          1602201800000000002800000000099N2803201821602201800000000000060000000000000000000000000000000000000000000000000000000028134                    3001090090000000000 
1040001300005Q 012033057777000141LOJAS 0800                              AVENIDA BERNADO SAYAO                   CENTRO         76300000CERES          GO0000000000000000                                                                       
1040001300006R 01000000000000000000000000000000000000000000000000216022018000000000000200                                                                                                                                                       
1040001300007P 0101298027300700000000000140000000000281351122028135          1603201800000000002800000000099N2803201821603201800000000000060000000000000000000000000000000000000000000000000000000028135                    3001090090000000000 
1040001300008Q 012033057777000141LOJAS 0800                              AVENIDA BERNADO SAYAO                   CENTRO         76300000CERES          GO0000000000000000                                                                       
1040001300009R 01000000000000000000000000000000000000000000000000216032018000000000000200                                                                                                                                                       
1040001300010P 0101298027300700000000000140000000000281361122028136          1604201800000000002800000000099N2803201821604201800000000000060000000000000000000000000000000000000000000000000000000028136                    3001090090000000000 
1040001300011Q 012033057777000141LOJAS 0800                              AVENIDA BERNADO SAYAO                   CENTRO         76300000CERES          GO0000000000000000                                                                       
1040001300012R 01000000000000000000000000000000000000000000000000216042018000000000000200                                                                                                                                                       
1040001300013P 0101298027300700000000000140000000000281371122028137          1605201800000000002800000000099N2803201821605201800000000000060000000000000000000000000000000000000000000000000000000028137                    3001090090000000000 
1040001300014Q 012033057777000141LOJAS 0800                              AVENIDA BERNADO SAYAO                   CENTRO         76300000CERES          GO0000000000000000                                                                       
1040001300015R 01000000000000000000000000000000000000000000000000216052018000000000000200                                                                                                                                                       
1040001300016P 0101298027300700000000000140000000000281381122028138          1606201800000000002800000000099N2803201821606201800000000000060000000000000000000000000000000000000000000000000000000028138                    3001090090000000000 
1040001300017Q 012033057777000141LOJAS 0800                              AVENIDA BERNADO SAYAO                   CENTRO         76300000CERES          GO0000000000000000                                                                       
1040001300018R 01000000000000000000000000000000000000000000000000216062018000000000000200                                                                                                                                                       
1040001300019P 0101298027300700000000000140000000000281391122028139          1607201800000000002800000000099N2803201821607201800000000000060000000000000000000000000000000000000000000000000000000028139                    3001090090000000000 
1040001300020Q 012033057777000141LOJAS 0800                              AVENIDA BERNADO SAYAO                   CENTRO         76300000CERES          GO0000000000000000                                                                       
1040001300021R 01000000000000000000000000000000000000000000000000216072018000000000000200                                                                                                                                                       
1040001300022P 0101298027300700000000000140000000000281401122028140          1608201800000000002800000000099N2803201821608201800000000000060000000000000000000000000000000000000000000000000000000028140                    3001090090000000000 
1040001300023Q 012033057777000141LOJAS 0800                              AVENIDA BERNADO SAYAO                   CENTRO         76300000CERES          GO0000000000000000                                                                       
1040001300024R 01000000000000000000000000000000000000000000000000216082018000000000000200                                                                                                                                                       
1040001300025P 0101298027300700000000000140000000000281411122028141          1609201800000000002800000000099N2803201821609201800000000000060000000000000000000000000000000000000000000000000000000028141                    3001090090000000000 
1040001300026Q 012033057777000141LOJAS 0800                              AVENIDA BERNADO SAYAO                   CENTRO         76300000CERES          GO0000000000000000                                                                       
1040001300027R 01000000000000000000000000000000000000000000000000216092018000000000000200                                                                                                                                                       
1040001300028P 0101298027300700000000000140000000000281421122028142          1610201800000000002800000000099N2803201821610201800000000000060000000000000000000000000000000000000000000000000000000028142                    3001090090000000000 
1040001300029Q 012033057777000141LOJAS 0800                              AVENIDA BERNADO SAYAO                   CENTRO         76300000CERES          GO0000000000000000                                                                       
1040001300030R 01000000000000000000000000000000000000000000000000216102018000000000000200                                                                                                                                                       
1040001300031P 0101298027300700000000000140000000000281431122028143          1611201800000000002800000000099N2803201821611201800000000000060000000000000000000000000000000000000000000000000000000028143                    3001090090000000000 
1040001300032Q 012033057777000141LOJAS 0800                              AVENIDA BERNADO SAYAO                   CENTRO         76300000CERES          GO0000000000000000                                                                       
1040001300033R 01000000000000000000000000000000000000000000000000216112018000000000000200                                                                                                                                                       
1040001300034P 0101298027300700000000000140000000000281441122028144          1612201800000000002800000000099N2803201821612201800000000000060000000000000000000000000000000000000000000000000000000028144                    3001090090000000000 
1040001300035Q 012033057777000141LOJAS 0800                              AVENIDA BERNADO SAYAO                   CENTRO         76300000CERES          GO0000000000000000                                                                       
1040001300036R 01000000000000000000000000000000000000000000000000216122018000000000000200                                                                                                                                                       
1040001300037P 0101298027300700000000000140000000000281451122028145          1502201800000000001500000000099N2803201821502201800000000000060000000000000000000000000000000000000000000000000000000028145                    3001090090000000000 
1040001300038Q 012036830305000178GILMAR MARQUES DO NASCIMENTO & CIA LTDA-AVENIDA MINISTRO FERNANDO COSTA QD 08   VILA NOVA      76300000CERES          GO0000000000000000                                                                       
1040001300039R 01000000000000000000000000000000000000000000000000215022018000000000000200                                                                                                                                                       
1040001300040P 0101298027300700000000000140000000000281461122028146          1503201800000000001500000000099N2803201821503201800000000000060000000000000000000000000000000000000000000000000000000028146                    3001090090000000000 
1040001300041Q 012036830305000178GILMAR MARQUES DO NASCIMENTO & CIA LTDA-AVENIDA MINISTRO FERNANDO COSTA QD 08   VILA NOVA      76300000CERES          GO0000000000000000                                                                       
1040001300042R 01000000000000000000000000000000000000000000000000215032018000000000000200                                                                                                                                                       
1040001300043P 0101298027300700000000000140000000000281471122028147          1504201800000000001500000000099N2803201821504201800000000000060000000000000000000000000000000000000000000000000000000028147                    3001090090000000000 
1040001300044Q 012036830305000178GILMAR MARQUES DO NASCIMENTO & CIA LTDA-AVENIDA MINISTRO FERNANDO COSTA QD 08   VILA NOVA      76300000CERES          GO0000000000000000                                                                       
1040001300045R 01000000000000000000000000000000000000000000000000215042018000000000000200                                                                                                                                                       
1040001300046P 0101298027300700000000000140000000000281481122028148          1505201800000000001500000000099N2803201821505201800000000000060000000000000000000000000000000000000000000000000000000028148                    3001090090000000000 
1040001300047Q 012036830305000178GILMAR MARQUES DO NASCIMENTO & CIA LTDA-AVENIDA MINISTRO FERNANDO COSTA QD 08   VILA NOVA      76300000CERES          GO0000000000000000                                                                       
1040001300048R 01000000000000000000000000000000000000000000000000215052018000000000000200                                                                                                                                                       
1040001300049P 0101298027300700000000000140000000000281491122028149          1506201800000000001500000000099N2803201821506201800000000000060000000000000000000000000000000000000000000000000000000028149                    3001090090000000000 
1040001300050Q 012036830305000178GILMAR MARQUES DO NASCIMENTO & CIA LTDA-AVENIDA MINISTRO FERNANDO COSTA QD 08   VILA NOVA      76300000CERES          GO0000000000000000                                                                       
1040001300051R 01000000000000000000000000000000000000000000000000215062018000000000000200                                                                                                                                                       
1040001300052P 0101298027300700000000000140000000000281501122028150          1507201800000000001500000000099N2803201821507201800000000000060000000000000000000000000000000000000000000000000000000028150                    3001090090000000000 
1040001300053Q 012036830305000178GILMAR MARQUES DO NASCIMENTO & CIA LTDA-AVENIDA MINISTRO FERNANDO COSTA QD 08   VILA NOVA      76300000CERES          GO0000000000000000                                                                       
1040001300054R 01000000000000000000000000000000000000000000000000215072018000000000000200                                                                                                                                                       
1040001300055P 0101298027300700000000000140000000000281511122028151          1508201800000000001500000000099N2803201821508201800000000000060000000000000000000000000000000000000000000000000000000028151                    3001090090000000000 
1040001300056Q 012036830305000178GILMAR MARQUES DO NASCIMENTO & CIA LTDA-AVENIDA MINISTRO FERNANDO COSTA QD 08   VILA NOVA      76300000CERES          GO0000000000000000                                                                       
1040001300057R 01000000000000000000000000000000000000000000000000215082018000000000000200                                                                                                                                                       
1040001300058P 0101298027300700000000000140000000000281521122028152          1509201800000000001500000000099N2803201821509201800000000000060000000000000000000000000000000000000000000000000000000028152                    3001090090000000000 
1040001300059Q 012036830305000178GILMAR MARQUES DO NASCIMENTO & CIA LTDA-AVENIDA MINISTRO FERNANDO COSTA QD 08   VILA NOVA      76300000CERES          GO0000000000000000                                                                       
1040001300060R 01000000000000000000000000000000000000000000000000215092018000000000000200                                                                                                                                                       
1040001300061P 0101298027300700000000000140000000000281531122028153          1510201800000000001500000000099N2803201821510201800000000000060000000000000000000000000000000000000000000000000000000028153                    3001090090000000000 
1040001300062Q 012036830305000178GILMAR MARQUES DO NASCIMENTO & CIA LTDA-AVENIDA MINISTRO FERNANDO COSTA QD 08   VILA NOVA      76300000CERES          GO0000000000000000                                                                       
1040001300063R 01000000000000000000000000000000000000000000000000215102018000000000000200                                                                                                                                                       
1040001300064P 0101298027300700000000000140000000000281541122028154          1511201800000000001500000000099N2803201821511201800000000000060000000000000000000000000000000000000000000000000000000028154                    3001090090000000000 
1040001300065Q 012036830305000178GILMAR MARQUES DO NASCIMENTO & CIA LTDA-AVENIDA MINISTRO FERNANDO COSTA QD 08   VILA NOVA      76300000CERES          GO0000000000000000                                                                       
1040001300066R 01000000000000000000000000000000000000000000000000215112018000000000000200                                                                                                                                                       
1040001300067P 0101298027300700000000000140000000000281551122028155          1512201800000000001500000000099N2803201821512201800000000000060000000000000000000000000000000000000000000000000000000028155                    3001090090000000000 
1040001300068Q 012036830305000178GILMAR MARQUES DO NASCIMENTO & CIA LTDA-AVENIDA MINISTRO FERNANDO COSTA QD 08   VILA NOVA      76300000CERES          GO0000000000000000                                                                       
1040001300069R 01000000000000000000000000000000000000000000000000215122018000000000000200                                                                                                                                                       
1040001300070P 0101298027300700000000000140000000000281561122028156          1501201900000000001500000000099N2803201821501201900000000000060000000000000000000000000000000000000000000000000000000028156                    3001090090000000000 
1040001300071Q 012036830305000178GILMAR MARQUES DO NASCIMENTO & CIA LTDA-AVENIDA MINISTRO FERNANDO COSTA QD 08   VILA NOVA      76300000CERES          GO0000000000000000                                                                       
1040001300072R 01000000000000000000000000000000000000000000000000215012019000000000000200                                                                                                                                                       
1040001300073P 0101298027300700000000000140000000000281571122028157          0501201800000000001000000000099N2803201820501201800000000000060000000000000000000000000000000000000000000000000000000028157                    3001090090000000000 
1040001300074Q 012025099946000188MOREIRA E GARCIA LTDA - ME              DONA DITA                               SETOR CENTRAL  76500000SANTA TEREZINHAGO0000000000000000                                                                       
1040001300075R 01000000000000000000000000000000000000000000000000205012018000000000000200                                                                                                                                                       
1040001300076P 0101298027300700000000000140000000000281581122028158          0502201800000000001000000000099N2803201820502201800000000000060000000000000000000000000000000000000000000000000000000028158                    3001090090000000000 
1040001300077Q 012025099946000188MOREIRA E GARCIA LTDA - ME              DONA DITA                               SETOR CENTRAL  76500000SANTA TEREZINHAGO0000000000000000                                                                       
1040001300078R 01000000000000000000000000000000000000000000000000205022018000000000000200                                                                                                                                                       
1040001300079P 0101298027300700000000000140000000000281591122028159          0503201800000000001000000000099N2803201820503201800000000000060000000000000000000000000000000000000000000000000000000028159                    3001090090000000000 
1040001300080Q 012025099946000188MOREIRA E GARCIA LTDA - ME              DONA DITA                               SETOR CENTRAL  76500000SANTA TEREZINHAGO0000000000000000                                                                       
1040001300081R 01000000000000000000000000000000000000000000000000205032018000000000000200                                                                                                                                                       
1040001300082P 0101298027300700000000000140000000000281601122028160          0504201800000000001000000000099N2803201820504201800000000000060000000000000000000000000000000000000000000000000000000028160                    3001090090000000000 
1040001300083Q 012025099946000188MOREIRA E GARCIA LTDA - ME              DONA DITA                               SETOR CENTRAL  76500000SANTA TEREZINHAGO0000000000000000                                                                       
1040001300084R 01000000000000000000000000000000000000000000000000205042018000000000000200                                                                                                                                                       
1040001300085P 0101298027300700000000000140000000000281611122028161          0505201800000000001000000000099N2803201820505201800000000000060000000000000000000000000000000000000000000000000000000028161                    3001090090000000000 
1040001300086Q 012025099946000188MOREIRA E GARCIA LTDA - ME              DONA DITA                               SETOR CENTRAL  76500000SANTA TEREZINHAGO0000000000000000                                                                       
1040001300087R 01000000000000000000000000000000000000000000000000205052018000000000000200                                                                                                                                                       
1040001300088P 0101298027300700000000000140000000000281621122028162          0506201800000000001000000000099N2803201820506201800000000000060000000000000000000000000000000000000000000000000000000028162                    3001090090000000000 
1040001300089Q 012025099946000188MOREIRA E GARCIA LTDA - ME              DONA DITA                               SETOR CENTRAL  76500000SANTA TEREZINHAGO0000000000000000                                                                       
1040001300090R 01000000000000000000000000000000000000000000000000205062018000000000000200                                                                                                                                                       
1040001300091P 0101298027300700000000000140000000000281631122028163          0507201800000000001000000000099N2803201820507201800000000000060000000000000000000000000000000000000000000000000000000028163                    3001090090000000000 
1040001300092Q 012025099946000188MOREIRA E GARCIA LTDA - ME              DONA DITA                               SETOR CENTRAL  76500000SANTA TEREZINHAGO0000000000000000                                                                       
1040001300093R 01000000000000000000000000000000000000000000000000205072018000000000000200                                                                                                                                                       
1040001300094P 0101298027300700000000000140000000000281641122028164          0508201800000000001000000000099N2803201820508201800000000000060000000000000000000000000000000000000000000000000000000028164                    3001090090000000000 
1040001300095Q 012025099946000188MOREIRA E GARCIA LTDA - ME              DONA DITA                               SETOR CENTRAL  76500000SANTA TEREZINHAGO0000000000000000                                                                       
1040001300096R 01000000000000000000000000000000000000000000000000205082018000000000000200                                                                                                                                                       
1040001300097P 0101298027300700000000000140000000000281651122028165          0509201800000000001000000000099N2803201820509201800000000000060000000000000000000000000000000000000000000000000000000028165                    3001090090000000000 
1040001300098Q 012025099946000188MOREIRA E GARCIA LTDA - ME              DONA DITA                               SETOR CENTRAL  76500000SANTA TEREZINHAGO0000000000000000                                                                       
1040001300099R 01000000000000000000000000000000000000000000000000205092018000000000000200                                                                                                                                                       
1040001300100P 0101298027300700000000000140000000000281661122028166          0510201800000000001000000000099N2803201820510201800000000000060000000000000000000000000000000000000000000000000000000028166                    3001090090000000000 
1040001300101Q 012025099946000188MOREIRA E GARCIA LTDA - ME              DONA DITA                               SETOR CENTRAL  76500000SANTA TEREZINHAGO0000000000000000                                                                       
1040001300102R 01000000000000000000000000000000000000000000000000205102018000000000000200                                                                                                                                                       
1040001300103P 0101298027300700000000000140000000000281671122028167          0511201800000000001000000000099N2803201820511201800000000000060000000000000000000000000000000000000000000000000000000028167                    3001090090000000000 
1040001300104Q 012025099946000188MOREIRA E GARCIA LTDA - ME              DONA DITA                               SETOR CENTRAL  76500000SANTA TEREZINHAGO0000000000000000                                                                       
1040001300105R 01000000000000000000000000000000000000000000000000205112018000000000000200                                                                                                                                                       
1040001300106P 0101298027300700000000000140000000000281681122028168          0512201800000000001000000000099N2803201820512201800000000000060000000000000000000000000000000000000000000000000000000028168                    3001090090000000000 
1040001300107Q 012025099946000188MOREIRA E GARCIA LTDA - ME              DONA DITA                               SETOR CENTRAL  76500000SANTA TEREZINHAGO0000000000000000                                                                       
1040001300108R 01000000000000000000000000000000000000000000000000205122018000000000000200                                                                                                                                                       
1040001300109P 0101298027300700000000000140000000000281691122028169          2005201800000000002360000000099N2803201822005201800000000000060000000000000000000000000000000000000000000000000000000028169                    3001090090000000000 
1040001300110Q 012020021701000114KCM TRANSPORTES E LOCACOES LTDA - ME    RUA 37                                  CENTRO         76380000                 0000000000000000                                                                       
1040001300111R 01000000000000000000000000000000000000000000000000220052018000000000000200                                                                                                                                                       
1040001300112P 0101298027300700000000000140000000000281701122028170          2006201800000000002360000000099N2803201822006201800000000000060000000000000000000000000000000000000000000000000000000028170                    3001090090000000000 
1040001300113Q 012020021701000114KCM TRANSPORTES E LOCACOES LTDA - ME    RUA 37                                  CENTRO         76380000                 0000000000000000                                                                       
1040001300114R 01000000000000000000000000000000000000000000000000220062018000000000000200                                                                                                                                                       
1040001300115P 0101298027300700000000000140000000000281711122028171          2007201800000000002360000000099N2803201822007201800000000000060000000000000000000000000000000000000000000000000000000028171                    3001090090000000000 
1040001300116Q 012020021701000114KCM TRANSPORTES E LOCACOES LTDA - ME    RUA 37                                  CENTRO         76380000                 0000000000000000                                                                       
1040001300117R 01000000000000000000000000000000000000000000000000220072018000000000000200                                                                                                                                                       
1040001300118P 0101298027300700000000000140000000000281721122028172          2008201800000000002360000000099N2803201822008201800000000000060000000000000000000000000000000000000000000000000000000028172                    3001090090000000000 
1040001300119Q 012020021701000114KCM TRANSPORTES E LOCACOES LTDA - ME    RUA 37                                  CENTRO         76380000                 0000000000000000                                                                       
1040001300120R 01000000000000000000000000000000000000000000000000220082018000000000000200                                                                                                                                                       
1040001300121P 0101298027300700000000000140000000000281731122028173          2009201800000000002360000000099N2803201822009201800000000000060000000000000000000000000000000000000000000000000000000028173                    3001090090000000000 
1040001300122Q 012020021701000114KCM TRANSPORTES E LOCACOES LTDA - ME    RUA 37                                  CENTRO         76380000                 0000000000000000                                                                       
1040001300123R 01000000000000000000000000000000000000000000000000220092018000000000000200                                                                                                                                                       
1040001300124P 0101298027300700000000000140000000000281741122028174          2010201800000000002360000000099N2803201822010201800000000000060000000000000000000000000000000000000000000000000000000028174                    3001090090000000000 
1040001300125Q 012020021701000114KCM TRANSPORTES E LOCACOES LTDA - ME    RUA 37                                  CENTRO         76380000                 0000000000000000                                                                       
1040001300126R 01000000000000000000000000000000000000000000000000220102018000000000000200                                                                                                                                                       
1040001300127P 0101298027300700000000000140000000000281751122028175          2011201800000000002360000000099N2803201822011201800000000000060000000000000000000000000000000000000000000000000000000028175                    3001090090000000000 
1040001300128Q 012020021701000114KCM TRANSPORTES E LOCACOES LTDA - ME    RUA 37                                  CENTRO         76380000                 0000000000000000                                                                       
1040001300129R 01000000000000000000000000000000000000000000000000220112018000000000000200                                                                                                                                                       
1040001300130P 0101298027300700000000000140000000000281761122028176          2012201800000000002360000000099N2803201822012201800000000000060000000000000000000000000000000000000000000000000000000028176                    3001090090000000000 
1040001300131Q 012020021701000114KCM TRANSPORTES E LOCACOES LTDA - ME    RUA 37                                  CENTRO         76380000                 0000000000000000                                                                       
1040001300132R 01000000000000000000000000000000000000000000000000220122018000000000000200                                                                                                                                                       
1040001300133P 0101298027300700000000000140000000000281771122028177          2001201900000000002360000000099N2803201822001201900000000000060000000000000000000000000000000000000000000000000000000028177                    3001090090000000000 
1040001300134Q 012020021701000114KCM TRANSPORTES E LOCACOES LTDA - ME    RUA 37                                  CENTRO         76380000                 0000000000000000                                                                       
1040001300135R 01000000000000000000000000000000000000000000000000220012019000000000000200                                                                                                                                                       
1040001300136P 0101298027300700000000000140000000000281781122028178          2002201900000000002360000000099N2803201822002201900000000000060000000000000000000000000000000000000000000000000000000028178                    3001090090000000000 
1040001300137Q 012020021701000114KCM TRANSPORTES E LOCACOES LTDA - ME    RUA 37                                  CENTRO         76380000                 0000000000000000                                                                       
1040001300138R 01000000000000000000000000000000000000000000000000220022019000000000000200                                                                                                                                                       
1040001300139P 0101298027300700000000000140000000000281791122028179          2003201900000000002360000000099N2803201822003201900000000000060000000000000000000000000000000000000000000000000000000028179                    3001090090000000000 
1040001300140Q 012020021701000114KCM TRANSPORTES E LOCACOES LTDA - ME    RUA 37                                  CENTRO         76380000                 0000000000000000                                                                       
1040001300141R 01000000000000000000000000000000000000000000000000220032019000000000000200                                                                                                                                                       
1040001300142P 0101298027300700000000000140000000000281801122028180          2004201900000000002360000000099N2803201822004201900000000000060000000000000000000000000000000000000000000000000000000028180                    3001090090000000000 
1040001300143Q 012020021701000114KCM TRANSPORTES E LOCACOES LTDA - ME    RUA 37                                  CENTRO         76380000                 0000000000000000                                                                       
1040001300144R 01000000000000000000000000000000000000000000000000220042019000000000000200                                                                                                                                                       
1040001300145P 0101298027300700000000000140000000000281811122028181          2805201800000000002348000000099N2803201822805201800000000000060000000000000000000000000000000000000000000000000000000028181                    3001090090000000000 
1040001300146Q 011000001488919348GERSON GAMA LEAL                        RUA AFONSO PENA                         LORIVAL PARENT 64023300ACAUA          PI0000000000000000                                                                       
1040001300147R 01000000000000000000000000000000000000000000000000228052018000000000000200                                                                                                                                                       
1040001300148P 0101298027300700000000000140000000000281821122028182          2806201800000000002348000000099N2803201822806201800000000000060000000000000000000000000000000000000000000000000000000028182                    3001090090000000000 
1040001300149Q 011000001488919348GERSON GAMA LEAL                        RUA AFONSO PENA                         LORIVAL PARENT 64023300ACAUA          PI0000000000000000                                                                       
1040001300150R 01000000000000000000000000000000000000000000000000228062018000000000000200                                                                                                                                                       
1040001300151P 0101298027300700000000000140000000000281831122028183          2807201800000000002348000000099N2803201822807201800000000000060000000000000000000000000000000000000000000000000000000028183                    3001090090000000000 
1040001300152Q 011000001488919348GERSON GAMA LEAL                        RUA AFONSO PENA                         LORIVAL PARENT 64023300ACAUA          PI0000000000000000                                                                       
1040001300153R 01000000000000000000000000000000000000000000000000228072018000000000000200                                                                                                                                                       
1040001300154P 0101298027300700000000000140000000000281841122028184          2604201800000000004000000000099N2803201822604201800000000000060000000000000000000000000000000000000000000000000000000028184                    3001090090000000000 
1040001300155Q 011000099376660153LUCIA DA COSTA ANDRADE SILVA            RUA DAS TORRES                          JARDIM PETROPOL76300000CERES          GO0000000000000000                                                                       
1040001300156R 01000000000000000000000000000000000000000000000000226042018000000000000200                                                                                                                                                       
1040001300157P 0101298027300700000000000140000000000281851122028185          2605201800000000004000000000099N2803201822605201800000000000060000000000000000000000000000000000000000000000000000000028185                    3001090090000000000 
1040001300158Q 011000099376660153LUCIA DA COSTA ANDRADE SILVA            RUA DAS TORRES                          JARDIM PETROPOL76300000CERES          GO0000000000000000                                                                       
1040001300159R 01000000000000000000000000000000000000000000000000226052018000000000000200                                                                                                                                                       
1040001300160P 0101298027300700000000000140000000000281861122028186          0804201800000000007400500000099N2803201820804201800000000000060000000000000000000000000000000000000000000000000000000028186                    3001090090000000000 
1040001300161Q 011000064788865220ANA CRISTIANE DA ROCHA FUKUSHIMA        AV. DA REPUBLICA                        TRIANGULO      68790000SANTA ISABEL DOPA0000000000000000                                                                       
1040001300162R 01000000000000000000000000000000000000000000000000208042018000000000000200                                                                                                                                                       
1040001300163P 0101298027300700000000000140000000000281871122028187          0304201800000000000500000000099N2803201820304201800000000000060000000000000000000000000000000000000000000000000000000028187                    3001090090000000000 
1040001300164Q 011000084404744153FLAVIO ALVES SENA                       RUA 06                                  BOUGANVILE     76383063GOIANESIA      GO0000000000000000                                                                       
1040001300165R 01000000000000000000000000000000000000000000000000203042018000000000000200                                                                                                                                                       
1040001300166P 0101298027300700000000000140000000000281891122028189          2904201800000000000590000000099N2803201822904201800000000000060000000000000000000000000000000000000000000000000000000028189                    3001090090000000000 
1040001300167Q 011000001170535119FABIO JOSE DA SILVA                     RUA 34                                  CARRILHO       76380000GOIANESIA      GO0000000000000000                                                                       
1040001300168R 01000000000000000000000000000000000000000000000000229042018000000000000200                                                                                                                                                       
1040001300169P 0101298027300700000000000140000000000281901122028190          2905201800000000000590000000099N2803201822905201800000000000060000000000000000000000000000000000000000000000000000000028190                    3001090090000000000 
1040001300170Q 011000001170535119FABIO JOSE DA SILVA                     RUA 34                                  CARRILHO       76380000GOIANESIA      GO0000000000000000                                                                       
1040001300171R 01000000000000000000000000000000000000000000000000229052018000000000000200                                                                                                                                                       
1040001300172P 0101298027300700000000000140000000000281911122028191          2906201800000000000590000000099N2803201822906201800000000000060000000000000000000000000000000000000000000000000000000028191                    3001090090000000000 
1040001300173Q 011000001170535119FABIO JOSE DA SILVA                     RUA 34                                  CARRILHO       76380000GOIANESIA      GO0000000000000000                                                                       
1040001300174R 01000000000000000000000000000000000000000000000000229062018000000000000200                                                                                                                                                       
1040001300175P 0101298027300700000000000140000000000281921122028192          2907201800000000000590000000099N2803201822907201800000000000060000000000000000000000000000000000000000000000000000000028192                    3001090090000000000 
1040001300176Q 011000001170535119FABIO JOSE DA SILVA                     RUA 34                                  CARRILHO       76380000GOIANESIA      GO0000000000000000                                                                       
1040001300177R 01000000000000000000000000000000000000000000000000229072018000000000000200                                                                                                                                                       
1040001300178P 0101298027300700000000000140000000000281931122028193          2908201800000000000590000000099N2803201822908201800000000000060000000000000000000000000000000000000000000000000000000028193                    3001090090000000000 
1040001300179Q 011000001170535119FABIO JOSE DA SILVA                     RUA 34                                  CARRILHO       76380000GOIANESIA      GO0000000000000000                                                                       
1040001300180R 01000000000000000000000000000000000000000000000000229082018000000000000200                                                                                                                                                       
1040001300181P 0101298027300700000000000140000000000281941122028194          2909201800000000000590000000099N2803201822909201800000000000060000000000000000000000000000000000000000000000000000000028194                    3001090090000000000 
1040001300182Q 011000001170535119FABIO JOSE DA SILVA                     RUA 34                                  CARRILHO       76380000GOIANESIA      GO0000000000000000                                                                       
1040001300183R 01000000000000000000000000000000000000000000000000229092018000000000000200                                                                                                                                                       
1040001300184P 0101298027300700000000000140000000000281951122028195          2910201800000000000590000000099N2803201822910201800000000000060000000000000000000000000000000000000000000000000000000028195                    3001090090000000000 
1040001300185Q 011000001170535119FABIO JOSE DA SILVA                     RUA 34                                  CARRILHO       76380000GOIANESIA      GO0000000000000000                                                                       
1040001300186R 01000000000000000000000000000000000000000000000000229102018000000000000200                                                                                                                                                       
1040001300187P 0101298027300700000000000140000000000281961122028196          2911201800000000000590000000099N2803201822911201800000000000060000000000000000000000000000000000000000000000000000000028196                    3001090090000000000 
1040001300188Q 011000001170535119FABIO JOSE DA SILVA                     RUA 34                                  CARRILHO       76380000GOIANESIA      GO0000000000000000                                                                       
1040001300189R 01000000000000000000000000000000000000000000000000229112018000000000000200                                                                                                                                                       
1040001300190P 0101298027300700000000000140000000000281971122028197          2912201800000000000590000000099N2803201822912201800000000000060000000000000000000000000000000000000000000000000000000028197                    3001090090000000000 
1040001300191Q 011000001170535119FABIO JOSE DA SILVA                     RUA 34                                  CARRILHO       76380000GOIANESIA      GO0000000000000000                                                                       
1040001300192R 01000000000000000000000000000000000000000000000000229122018000000000000200                                                                                                                                                       
1040001300193P 0101298027300700000000000140000000000281981122028198          2901201900000000000590000000099N2803201822901201900000000000060000000000000000000000000000000000000000000000000000000028198                    3001090090000000000 
1040001300194Q 011000001170535119FABIO JOSE DA SILVA                     RUA 34                                  CARRILHO       76380000GOIANESIA      GO0000000000000000                                                                       
1040001300195R 01000000000000000000000000000000000000000000000000229012019000000000000200                                                                                                                                                       
1040001300196P 0101298027300700000000000140000000000281991122028199          0103201900000000000590000000099N2803201820103201900000000000060000000000000000000000000000000000000000000000000000000028199                    3001090090000000000 
1040001300197Q 011000001170535119FABIO JOSE DA SILVA                     RUA 34                                  CARRILHO       76380000GOIANESIA      GO0000000000000000                                                                       
1040001300198R 01000000000000000000000000000000000000000000000000201032019000000000000200                                                                                                                                                       
1040001300199P 0101298027300700000000000140000000000282001122028200          2903201900000000000590000000099N2803201822903201900000000000060000000000000000000000000000000000000000000000000000000028200                    3001090090000000000 
1040001300200Q 011000001170535119FABIO JOSE DA SILVA                     RUA 34                                  CARRILHO       76380000GOIANESIA      GO0000000000000000                                                                       
1040001300201R 01000000000000000000000000000000000000000000000000229032019000000000000200                                                                                                                                                       
1040001300202P 0101298027300700000000000140000000000282011122028201          0506201800000000001500000000099N2803201820506201800000000000060000000000000000000000000000000000000000000000000000000028201                    3001090090000000000 
1040001300203Q 012033581638000112WR REFORMADORA DE PNEUS LTDA            RUA 06 QD FU LT 45                      SAO FRANCISCO  76300000CERES          GO0000000000000000                                                                       
1040001300204R 01000000000000000000000000000000000000000000000000205062018000000000000200                                                                                                                                                       
1040001300205P 0101298027300700000000000140000000000282021122028202          0507201800000000001500000000099N2803201820507201800000000000060000000000000000000000000000000000000000000000000000000028202                    3001090090000000000 
1040001300206Q 012033581638000112WR REFORMADORA DE PNEUS LTDA            RUA 06 QD FU LT 45                      SAO FRANCISCO  76300000CERES          GO0000000000000000                                                                       
1040001300207R 01000000000000000000000000000000000000000000000000205072018000000000000200                                                                                                                                                       
1040001300208P 0101298027300700000000000140000000000282031122028203          0508201800000000001500000000099N2803201820508201800000000000060000000000000000000000000000000000000000000000000000000028203                    3001090090000000000 
1040001300209Q 012033581638000112WR REFORMADORA DE PNEUS LTDA            RUA 06 QD FU LT 45                      SAO FRANCISCO  76300000CERES          GO0000000000000000                                                                       
1040001300210R 01000000000000000000000000000000000000000000000000205082018000000000000200                                                                                                                                                       
1040001300211P 0101298027300700000000000140000000000282041122028204          0509201800000000001500000000099N2803201820509201800000000000060000000000000000000000000000000000000000000000000000000028204                    3001090090000000000 
1040001300212Q 012033581638000112WR REFORMADORA DE PNEUS LTDA            RUA 06 QD FU LT 45                      SAO FRANCISCO  76300000CERES          GO0000000000000000                                                                       
1040001300213R 01000000000000000000000000000000000000000000000000205092018000000000000200                                                                                                                                                       
1040001300214P 0101298027300700000000000140000000000282051122028205          0510201800000000001500000000099N2803201820510201800000000000060000000000000000000000000000000000000000000000000000000028205                    3001090090000000000 
1040001300215Q 012033581638000112WR REFORMADORA DE PNEUS LTDA            RUA 06 QD FU LT 45                      SAO FRANCISCO  76300000CERES          GO0000000000000000                                                                       
1040001300216R 01000000000000000000000000000000000000000000000000205102018000000000000200                                                                                                                                                       
1040001300217P 0101298027300700000000000140000000000282061122028206          0511201800000000001500000000099N2803201820511201800000000000060000000000000000000000000000000000000000000000000000000028206                    3001090090000000000 
1040001300218Q 012033581638000112WR REFORMADORA DE PNEUS LTDA            RUA 06 QD FU LT 45                      SAO FRANCISCO  76300000CERES          GO0000000000000000                                                                       
1040001300219R 01000000000000000000000000000000000000000000000000205112018000000000000200                                                                                                                                                       
1040001300220P 0101298027300700000000000140000000000282071122028207          0512201800000000001500000000099N2803201820512201800000000000060000000000000000000000000000000000000000000000000000000028207                    3001090090000000000 
1040001300221Q 012033581638000112WR REFORMADORA DE PNEUS LTDA            RUA 06 QD FU LT 45                      SAO FRANCISCO  76300000CERES          GO0000000000000000                                                                       
1040001300222R 01000000000000000000000000000000000000000000000000205122018000000000000200                                                                                                                                                       
1040001300223P 0101298027300700000000000140000000000282081122028208          0501201900000000001500000000099N2803201820501201900000000000060000000000000000000000000000000000000000000000000000000028208                    3001090090000000000 
1040001300224Q 012033581638000112WR REFORMADORA DE PNEUS LTDA            RUA 06 QD FU LT 45                      SAO FRANCISCO  76300000CERES          GO0000000000000000                                                                       
1040001300225R 01000000000000000000000000000000000000000000000000205012019000000000000200                                                                                                                                                       
1040001300226P 0101298027300700000000000140000000000282091122028209          0502201900000000001500000000099N2803201820502201900000000000060000000000000000000000000000000000000000000000000000000028209                    3001090090000000000 
1040001300227Q 012033581638000112WR REFORMADORA DE PNEUS LTDA            RUA 06 QD FU LT 45                      SAO FRANCISCO  76300000CERES          GO0000000000000000                                                                       
1040001300228R 01000000000000000000000000000000000000000000000000205022019000000000000200                                                                                                                                                       
1040001300229P 0101298027300700000000000140000000000282101122028210          0503201900000000001500000000099N2803201820503201900000000000060000000000000000000000000000000000000000000000000000000028210                    3001090090000000000 
1040001300230Q 012033581638000112WR REFORMADORA DE PNEUS LTDA            RUA 06 QD FU LT 45                      SAO FRANCISCO  76300000CERES          GO0000000000000000                                                                       
1040001300231R 01000000000000000000000000000000000000000000000000205032019000000000000200                                                                                                                                                       
1040001300232P 0101298027300700000000000140000000000282111122028211          0504201900000000001500000000099N2803201820504201900000000000060000000000000000000000000000000000000000000000000000000028211                    3001090090000000000 
1040001300233Q 012033581638000112WR REFORMADORA DE PNEUS LTDA            RUA 06 QD FU LT 45                      SAO FRANCISCO  76300000CERES          GO0000000000000000                                                                       
1040001300234R 01000000000000000000000000000000000000000000000000205042019000000000000200                                                                                                                                                       
1040001300235P 0101298027300700000000000140000000000282121122028212          0505201900000000001500000000099N2803201820505201900000000000060000000000000000000000000000000000000000000000000000000028212                    3001090090000000000 
1040001300236Q 012033581638000112WR REFORMADORA DE PNEUS LTDA            RUA 06 QD FU LT 45                      SAO FRANCISCO  76300000CERES          GO0000000000000000                                                                       
1040001300237R 01000000000000000000000000000000000000000000000000205052019000000000000200                                                                                                                                                       
10400015         000239000079000000000013994450000000000000000000000000000000000000000000000                                                                                                                                                    
10499999         000001000241                                                                                                                                                                                                                   