10400000         2116559540001590000000000000000000001298027300700000000FEDERAL SISTEMAS              CAIXA ECONOMICA FEDERAL                 10608201819145100015605000000                    REMESSA-PRODUCAO                                 
10400011R0100030 20116559540001592730070000000000000001298027300700000000FEDERAL SISTEMAS                                                                                              000001560608201800000000                                 
1040001300001P 0101298027300700000000000140000000000342261122034226          1008201800000000027537000000099N0308201821008201800000000000060000000000000000000000000000000000000000000000000000000034226                    3001029090000000000 
1040001300002Q 012020771562000146LOCALIZA GOIAS LTDA - ME                AV. PRESIDENTE VARGAS                   CENTRO         76300000CERES          GO0000000000000000                                                                       
1040001300003R 01000000000000000000000000000000000000000000000000210082018000000000000200                                                                                                                                                       
1040001300004P 0101298027300700000000000140000000000342281122034228          2008201800000000075881400000099N0308201822008201800000000000060000000000000000000000000000000000000000000000000000000034228                    3001029090000000000 
1040001300005Q 012004094192000101AGRO-RUBI AGROPECUARIA LTDA             AV. PRESIDENTE VARGAS                   CENTRO         76300000CERES          GO0000000000000000                                                                       
1040001300006R 01000000000000000000000000000000000000000000000000220082018000000000000200                                                                                                                                                       
1040001300007P 0101298027300700000000000140000000000342291122034229          2008201800000000080369800000099N0308201822008201800000000000060000000000000000000000000000000000000000000000000000000034229                    3001029090000000000 
1040001300008Q 011000001522833404PAULO FERNANDO CAVALCANTE DE MORAIS E OUAV. PRESIDENTE VARGAS                   CENTRO         76300000CERES          GO0000000000000000                                                                       
1040001300009R 01000000000000000000000000000000000000000000000000220082018000000000000200                                                                                                                                                       
1040001300010P 0101298027300700000000000140000000000342301122034230          2008201800000000038739400000099N0308201822008201800000000000060000000000000000000000000000000000000000000000000000000034230                    3001029090000000000 
1040001300011Q 012007987748000179URUACU ACUCAR E ALCOOL LTDA             AV. PRESIDENTE VARGAS                   CENTRO         76300000CERES          GO0000000000000000                                                                       
1040001300012R 01000000000000000000000000000000000000000000000000220082018000000000000200                                                                                                                                                       
1040001300013P 0101298027300700000000000140000000000342311122034231          2008201800000000007516600000099N0308201822008201800000000000060000000000000000000000000000000000000000000000000000000034231                    3001029090000000000 
1040001300014Q 012003937452000192CRV INDUSTRIAL                          AV. PRESIDENTE VARGAS                   CENTRO         76300000CERES          GO0000000000000000                                                                       
1040001300015R 01000000000000000000000000000000000000000000000000220082018000000000000200                                                                                                                                                       
1040001300016P 0101298027300700000000000140000000000342321122034232          1508201800000000014490000000099N0308201821508201800000000000060000000000000000000000000000000000000000000000000000000034232                    3001029090000000000 
1040001300017Q 012005886386000102LANNO INDUSTRIA E COM DE LATICINIOS LTDAAV. PRESIDENTE VARGAS                   CENTRO         76300000CERES          GO0000000000000000                                                                       
1040001300018R 01000000000000000000000000000000000000000000000000215082018000000000000200                                                                                                                                                       
1040001300019P 0101298027300700000000000140000000000342331122034233          1008201800000000020000000000099N0308201821008201800000000000060000000000000000000000000000000000000000000000000000000034233                    3001029090000000000 
1040001300020Q 011000052526240204NATANAEL CARVALHO FERREIRA              AV. PRESIDENTE VARGAS                   CENTRO         76300000CERES          GO0000000000000000                                                                       
1040001300021R 01000000000000000000000000000000000000000000000000210082018000000000000200                                                                                                                                                       
10400015         000023000007000000000026453420000000000000000000000000000000000000000000000                                                                                                                                                    
10499999         000001000025                                                                                                                                                                                                                   