10400000         2116559540001590000000000000000000001298027300700000000FEDERAL SISTEMAS              CAIXA ECONOMICA FEDERAL                 11204201809350900007305000000                    REMESSA-PRODUCAO                                 
10400011R0100030 20116559540001592730070000000000000001298027300700000000FEDERAL SISTEMAS                                                                                              000000731204201800000000                                 
1040001300001P 0101298027300700000000000140000000000172291122017229          1004201800000000002000000000099N0907201721004201800000000000060000000000000000000000000000000000000000000000000000000017229                    3001090090000000000 
1040001300002Q 012001692763001002PINHEIROS VEICULOS LTDA                 RUA 17 A -17B N 297                     CENTRO         76300000CERES          GO0000000000000000                                                                       
1040001300003R 01000000000000000000000000000000000000000000000000210042018000000000000200                                                                                                                                                       
10400015         000005000001000000000000200000000000000000000000000000000000000000000000000                                                                                                                                                    
10499999         000001000007                                                                                                                                                                                                                   