10400000         2116559540001590000000000000000000001298027300700000000FEDERAL SISTEMAS              CAIXA ECONOMICA FEDERAL                 12202201818273600002405000000                    REMESSA-PRODUCAO                                 
10400011R0100030 20116559540001592730070000000000000001298027300700000000FEDERAL SISTEMAS                                                                                              000000242202201800000000                                 
1040001300001P 0101298027300700000000000140000000000262901122026290          1510201800000000001500000000099N1902201821510201800000000000000000000000000000000000000000000000000000000000000000000026290                    3001700090000000000 
1040001300002Q 012013977167000159THIAGO TEIXEIRA VINHAL SERVICOS ME      AV CONTORNO N 302                       SANTA LUZIA    76380000GOIANESIA     GO0000000000000000                                                                       0
1040001300003R 01000000000000000000000000000000000000000000000000215102018000000000000200                                                                                                                                                       
1040001300004P 0101298027300700000000000140000000000262911122026291          1511201800000000001500000000099N1902201821511201800000000000000000000000000000000000000000000000000000000000000000000026291                    3001700090000000000 
1040001300005Q 012013977167000159THIAGO TEIXEIRA VINHAL SERVICOS ME      AV CONTORNO N 302                       SANTA LUZIA    76380000GOIANESIA     GO0000000000000000                                                                       0
1040001300006R 01000000000000000000000000000000000000000000000000215112018000000000000200                                                                                                                                                       
1040001300007P 0101298027300700000000000140000000000262921122026292          1512201800000000001500000000099N1902201821512201800000000000000000000000000000000000000000000000000000000000000000000026292                    3001700090000000000 
1040001300008Q 012013977167000159THIAGO TEIXEIRA VINHAL SERVICOS ME      AV CONTORNO N 302                       SANTA LUZIA    76380000GOIANESIA     GO0000000000000000                                                                       0
1040001300009R 01000000000000000000000000000000000000000000000000215122018000000000000200                                                                                                                                                       
10400015         000011000003000000000000450000000000000000000000000000000000000000000000000                                                                                                                                                    
10499999         000001000013                                                                                                                                                                                                                   