10400000         2116559540001590000000000000000000001298027300700000000FEDERAL SISTEMAS              CAIXA ECONOMICA FEDERAL                 12007201812592300015305000000                    REMESSA-PRODUCAO                                 
10400011R0100030 20116559540001592730070000000000000001298027300700000000FEDERAL SISTEMAS                                                                                              000001532007201800000000                                 
1040001300001P 0101298027300700000000000140000000000340891122034089          0507201800000000004500000000099N1907201820507201800000000000060000000000000000000000000000000000000000000000000000000034089                    3001029090000000000 
1040001300002Q 012002297711000103COOPERATIVA AGROPECUARIA DE GOIANESIA LTRODOVIA GO 080 KM 56,3                  ZONA RURAL     76380000GOIANESIA      GO0000000000000000                                                                       
1040001300003R 01000000000000000000000000000000000000000000000000205072018000000000000200                                                                                                                                                       
1040001300004P 0101298027300700000000000140000000000340901122034090          0508201800000000004500000000099N1907201820508201800000000000060000000000000000000000000000000000000000000000000000000034090                    3001029090000000000 
1040001300005Q 012002297711000103COOPERATIVA AGROPECUARIA DE GOIANESIA LTRODOVIA GO 080 KM 56,3                  ZONA RURAL     76380000GOIANESIA      GO0000000000000000                                                                       
1040001300006R 01000000000000000000000000000000000000000000000000205082018000000000000200                                                                                                                                                       
1040001300007P 0101298027300700000000000140000000000340911122034091          0509201800000000004500000000099N1907201820509201800000000000060000000000000000000000000000000000000000000000000000000034091                    3001029090000000000 
1040001300008Q 012002297711000103COOPERATIVA AGROPECUARIA DE GOIANESIA LTRODOVIA GO 080 KM 56,3                  ZONA RURAL     76380000GOIANESIA      GO0000000000000000                                                                       
1040001300009R 01000000000000000000000000000000000000000000000000205092018000000000000200                                                                                                                                                       
1040001300010P 0101298027300700000000000140000000000340921122034092          0510201800000000004500000000099N1907201820510201800000000000060000000000000000000000000000000000000000000000000000000034092                    3001029090000000000 
1040001300011Q 012002297711000103COOPERATIVA AGROPECUARIA DE GOIANESIA LTRODOVIA GO 080 KM 56,3                  ZONA RURAL     76380000GOIANESIA      GO0000000000000000                                                                       
1040001300012R 01000000000000000000000000000000000000000000000000205102018000000000000200                                                                                                                                                       
1040001300013P 0101298027300700000000000140000000000340931122034093          0511201800000000004500000000099N1907201820511201800000000000060000000000000000000000000000000000000000000000000000000034093                    3001029090000000000 
1040001300014Q 012002297711000103COOPERATIVA AGROPECUARIA DE GOIANESIA LTRODOVIA GO 080 KM 56,3                  ZONA RURAL     76380000GOIANESIA      GO0000000000000000                                                                       
1040001300015R 01000000000000000000000000000000000000000000000000205112018000000000000200                                                                                                                                                       
1040001300016P 0101298027300700000000000140000000000340941122034094          0512201800000000004500000000099N1907201820512201800000000000060000000000000000000000000000000000000000000000000000000034094                    3001029090000000000 
1040001300017Q 012002297711000103COOPERATIVA AGROPECUARIA DE GOIANESIA LTRODOVIA GO 080 KM 56,3                  ZONA RURAL     76380000GOIANESIA      GO0000000000000000                                                                       
1040001300018R 01000000000000000000000000000000000000000000000000205122018000000000000200                                                                                                                                                       
1040001300019P 0101298027300700000000000140000000000340951122034095          0501201900000000004500000000099N1907201820501201900000000000060000000000000000000000000000000000000000000000000000000034095                    3001029090000000000 
1040001300020Q 012002297711000103COOPERATIVA AGROPECUARIA DE GOIANESIA LTRODOVIA GO 080 KM 56,3                  ZONA RURAL     76380000GOIANESIA      GO0000000000000000                                                                       
1040001300021R 01000000000000000000000000000000000000000000000000205012019000000000000200                                                                                                                                                       
1040001300022P 0101298027300700000000000140000000000340961122034096          0502201900000000004500000000099N1907201820502201900000000000060000000000000000000000000000000000000000000000000000000034096                    3001029090000000000 
1040001300023Q 012002297711000103COOPERATIVA AGROPECUARIA DE GOIANESIA LTRODOVIA GO 080 KM 56,3                  ZONA RURAL     76380000GOIANESIA      GO0000000000000000                                                                       
1040001300024R 01000000000000000000000000000000000000000000000000205022019000000000000200                                                                                                                                                       
1040001300025P 0101298027300700000000000140000000000340971122034097          0503201900000000004500000000099N1907201820503201900000000000060000000000000000000000000000000000000000000000000000000034097                    3001029090000000000 
1040001300026Q 012002297711000103COOPERATIVA AGROPECUARIA DE GOIANESIA LTRODOVIA GO 080 KM 56,3                  ZONA RURAL     76380000GOIANESIA      GO0000000000000000                                                                       
1040001300027R 01000000000000000000000000000000000000000000000000205032019000000000000200                                                                                                                                                       
1040001300028P 0101298027300700000000000140000000000340981122034098          0504201900000000004500000000099N1907201820504201900000000000060000000000000000000000000000000000000000000000000000000034098                    3001029090000000000 
1040001300029Q 012002297711000103COOPERATIVA AGROPECUARIA DE GOIANESIA LTRODOVIA GO 080 KM 56,3                  ZONA RURAL     76380000GOIANESIA      GO0000000000000000                                                                       
1040001300030R 01000000000000000000000000000000000000000000000000205042019000000000000200                                                                                                                                                       
1040001300031P 0101298027300700000000000140000000000340991122034099          0505201900000000004500000000099N1907201820505201900000000000060000000000000000000000000000000000000000000000000000000034099                    3001029090000000000 
1040001300032Q 012002297711000103COOPERATIVA AGROPECUARIA DE GOIANESIA LTRODOVIA GO 080 KM 56,3                  ZONA RURAL     76380000GOIANESIA      GO0000000000000000                                                                       
1040001300033R 01000000000000000000000000000000000000000000000000205052019000000000000200                                                                                                                                                       
1040001300034P 0101298027300700000000000140000000000341001122034100          0506201900000000004500000000099N1907201820506201900000000000060000000000000000000000000000000000000000000000000000000034100                    3001029090000000000 
1040001300035Q 012002297711000103COOPERATIVA AGROPECUARIA DE GOIANESIA LTRODOVIA GO 080 KM 56,3                  ZONA RURAL     76380000GOIANESIA      GO0000000000000000                                                                       
1040001300036R 01000000000000000000000000000000000000000000000000205062019000000000000200                                                                                                                                                       
1040001300037P 0101298027300700000000000140000000000341011122034101          2008201800000000001596000000099N2007201822008201800000000000060000000000000000000000000000000000000000000000000000000034101                    3001029090000000000 
1040001300038Q 012019521040000107GELO ITIQUIRA IND. E COM DE GELO LTDA   RUA FREI CONSTANCIO QD 51, LT 14        JARDIM CALIFORN73807701FORMOSA        GO0000000000000000                                                                       
1040001300039R 01000000000000000000000000000000000000000000000000220082018000000000000200                                                                                                                                                       
1040001300040P 0101298027300700000000000140000000000341021122034102          2009201800000000001596000000099N2007201822009201800000000000060000000000000000000000000000000000000000000000000000000034102                    3001029090000000000 
1040001300041Q 012019521040000107GELO ITIQUIRA IND. E COM DE GELO LTDA   RUA FREI CONSTANCIO QD 51, LT 14        JARDIM CALIFORN73807701FORMOSA        GO0000000000000000                                                                       
1040001300042R 01000000000000000000000000000000000000000000000000220092018000000000000200                                                                                                                                                       
1040001300043P 0101298027300700000000000140000000000341031122034103          2010201800000000001596000000099N2007201822010201800000000000060000000000000000000000000000000000000000000000000000000034103                    3001029090000000000 
1040001300044Q 012019521040000107GELO ITIQUIRA IND. E COM DE GELO LTDA   RUA FREI CONSTANCIO QD 51, LT 14        JARDIM CALIFORN73807701FORMOSA        GO0000000000000000                                                                       
1040001300045R 01000000000000000000000000000000000000000000000000220102018000000000000200                                                                                                                                                       
1040001300046P 0101298027300700000000000140000000000341041122034104          2011201800000000001596000000099N2007201822011201800000000000060000000000000000000000000000000000000000000000000000000034104                    3001029090000000000 
1040001300047Q 012019521040000107GELO ITIQUIRA IND. E COM DE GELO LTDA   RUA FREI CONSTANCIO QD 51, LT 14        JARDIM CALIFORN73807701FORMOSA        GO0000000000000000                                                                       
1040001300048R 01000000000000000000000000000000000000000000000000220112018000000000000200                                                                                                                                                       
1040001300049P 0101298027300700000000000140000000000341051122034105          2012201800000000001596000000099N2007201822012201800000000000060000000000000000000000000000000000000000000000000000000034105                    3001029090000000000 
1040001300050Q 012019521040000107GELO ITIQUIRA IND. E COM DE GELO LTDA   RUA FREI CONSTANCIO QD 51, LT 14        JARDIM CALIFORN73807701FORMOSA        GO0000000000000000                                                                       
1040001300051R 01000000000000000000000000000000000000000000000000220122018000000000000200                                                                                                                                                       
1040001300052P 0101298027300700000000000140000000000341061122034106          2001201900000000001596000000099N2007201822001201900000000000060000000000000000000000000000000000000000000000000000000034106                    3001029090000000000 
1040001300053Q 012019521040000107GELO ITIQUIRA IND. E COM DE GELO LTDA   RUA FREI CONSTANCIO QD 51, LT 14        JARDIM CALIFORN73807701FORMOSA        GO0000000000000000                                                                       
1040001300054R 01000000000000000000000000000000000000000000000000220012019000000000000200                                                                                                                                                       
1040001300055P 0101298027300700000000000140000000000341071122034107          2002201900000000001596000000099N2007201822002201900000000000060000000000000000000000000000000000000000000000000000000034107                    3001029090000000000 
1040001300056Q 012019521040000107GELO ITIQUIRA IND. E COM DE GELO LTDA   RUA FREI CONSTANCIO QD 51, LT 14        JARDIM CALIFORN73807701FORMOSA        GO0000000000000000                                                                       
1040001300057R 01000000000000000000000000000000000000000000000000220022019000000000000200                                                                                                                                                       
1040001300058P 0101298027300700000000000140000000000341081122034108          2003201900000000001596000000099N2007201822003201900000000000060000000000000000000000000000000000000000000000000000000034108                    3001029090000000000 
1040001300059Q 012019521040000107GELO ITIQUIRA IND. E COM DE GELO LTDA   RUA FREI CONSTANCIO QD 51, LT 14        JARDIM CALIFORN73807701FORMOSA        GO0000000000000000                                                                       
1040001300060R 01000000000000000000000000000000000000000000000000220032019000000000000200                                                                                                                                                       
1040001300061P 0101298027300700000000000140000000000341091122034109          2004201900000000001596000000099N2007201822004201900000000000060000000000000000000000000000000000000000000000000000000034109                    3001029090000000000 
1040001300062Q 012019521040000107GELO ITIQUIRA IND. E COM DE GELO LTDA   RUA FREI CONSTANCIO QD 51, LT 14        JARDIM CALIFORN73807701FORMOSA        GO0000000000000000                                                                       
1040001300063R 01000000000000000000000000000000000000000000000000220042019000000000000200                                                                                                                                                       
1040001300064P 0101298027300700000000000140000000000341101122034110          2005201900000000001596000000099N2007201822005201900000000000060000000000000000000000000000000000000000000000000000000034110                    3001029090000000000 
1040001300065Q 012019521040000107GELO ITIQUIRA IND. E COM DE GELO LTDA   RUA FREI CONSTANCIO QD 51, LT 14        JARDIM CALIFORN73807701FORMOSA        GO0000000000000000                                                                       
1040001300066R 01000000000000000000000000000000000000000000000000220052019000000000000200                                                                                                                                                       
1040001300067P 0101298027300700000000000140000000000341111122034111          2006201900000000001596000000099N2007201822006201900000000000060000000000000000000000000000000000000000000000000000000034111                    3001029090000000000 
1040001300068Q 012019521040000107GELO ITIQUIRA IND. E COM DE GELO LTDA   RUA FREI CONSTANCIO QD 51, LT 14        JARDIM CALIFORN73807701FORMOSA        GO0000000000000000                                                                       
1040001300069R 01000000000000000000000000000000000000000000000000220062019000000000000200                                                                                                                                                       
1040001300070P 0101298027300700000000000140000000000341121122034112          2007201900000000001596000000099N2007201822007201900000000000060000000000000000000000000000000000000000000000000000000034112                    3001029090000000000 
1040001300071Q 012019521040000107GELO ITIQUIRA IND. E COM DE GELO LTDA   RUA FREI CONSTANCIO QD 51, LT 14        JARDIM CALIFORN73807701FORMOSA        GO0000000000000000                                                                       
1040001300072R 01000000000000000000000000000000000000000000000000220072019000000000000200                                                                                                                                                       
1040001300073P 0101298027300700000000000140000000000341131122034113          1711201700000000002360000000099N2007201821711201700000000000060000000000000000000000000000000000000000000000000000000034113                    3001029090000000000 
1040001300074Q 012033536681000166GUILHERME JOSE FELIPE SILVA (REFRINORTE)RUA DAVID BITTAR                        CENTRO         76300000CERES          GO0000000000000000                                                                       
1040001300075R 01000000000000000000000000000000000000000000000000217112017000000000000200                                                                                                                                                       
1040001300076P 0101298027300700000000000140000000000341141122034114          2607201800000000010000000000099N2007201822607201800000000000060000000000000000000000000000000000000000000000000000000034114                    3001029090000000000 
1040001300077Q 012027382890000108ZOE PRODUTOS PARA FESTAS EIRELI         AV CONEGO JOAO LIMA                     SETOR CENTRAL  77804010ARAGUAINA     TO0000000000000000                                                                       0
1040001300078R 01000000000000000000000000000000000000000000000000226072018000000000000200                                                                                                                                                       
1040001300079P 0101298027300700000000000140000000000341151122034115          2008201800000000003300000000099N2007201822008201800000000000060000000000000000000000000000000000000000000000000000000034115                    3001029090000000000 
1040001300080Q 012027382890000108ZOE PRODUTOS PARA FESTAS EIRELI         AV CONEGO JOAO LIMA                     SETOR CENTRAL  77804010ARAGUAINA     TO0000000000000000                                                                       0
1040001300081R 01000000000000000000000000000000000000000000000000220082018000000000000200                                                                                                                                                       
1040001300082P 0101298027300700000000000140000000000341161122034116          2009201800000000003300000000099N2007201822009201800000000000060000000000000000000000000000000000000000000000000000000034116                    3001029090000000000 
1040001300083Q 012027382890000108ZOE PRODUTOS PARA FESTAS EIRELI         AV CONEGO JOAO LIMA                     SETOR CENTRAL  77804010ARAGUAINA     TO0000000000000000                                                                       0
1040001300084R 01000000000000000000000000000000000000000000000000220092018000000000000200                                                                                                                                                       
1040001300085P 0101298027300700000000000140000000000341171122034117          2010201800000000003300000000099N2007201822010201800000000000060000000000000000000000000000000000000000000000000000000034117                    3001029090000000000 
1040001300086Q 012027382890000108ZOE PRODUTOS PARA FESTAS EIRELI         AV CONEGO JOAO LIMA                     SETOR CENTRAL  77804010ARAGUAINA     TO0000000000000000                                                                       0
1040001300087R 01000000000000000000000000000000000000000000000000220102018000000000000200                                                                                                                                                       
1040001300088P 0101298027300700000000000140000000000341181122034118          2011201800000000003300000000099N2007201822011201800000000000060000000000000000000000000000000000000000000000000000000034118                    3001029090000000000 
1040001300089Q 012027382890000108ZOE PRODUTOS PARA FESTAS EIRELI         AV CONEGO JOAO LIMA                     SETOR CENTRAL  77804010ARAGUAINA     TO0000000000000000                                                                       0
1040001300090R 01000000000000000000000000000000000000000000000000220112018000000000000200                                                                                                                                                       
1040001300091P 0101298027300700000000000140000000000341191122034119          2012201800000000003300000000099N2007201822012201800000000000060000000000000000000000000000000000000000000000000000000034119                    3001029090000000000 
1040001300092Q 012027382890000108ZOE PRODUTOS PARA FESTAS EIRELI         AV CONEGO JOAO LIMA                     SETOR CENTRAL  77804010ARAGUAINA     TO0000000000000000                                                                       0
1040001300093R 01000000000000000000000000000000000000000000000000220122018000000000000200                                                                                                                                                       
1040001300094P 0101298027300700000000000140000000000341201122034120          2001201900000000003300000000099N2007201822001201900000000000060000000000000000000000000000000000000000000000000000000034120                    3001029090000000000 
1040001300095Q 012027382890000108ZOE PRODUTOS PARA FESTAS EIRELI         AV CONEGO JOAO LIMA                     SETOR CENTRAL  77804010ARAGUAINA     TO0000000000000000                                                                       0
1040001300096R 01000000000000000000000000000000000000000000000000220012019000000000000200                                                                                                                                                       
1040001300097P 0101298027300700000000000140000000000341211122034121          2002201900000000003300000000099N2007201822002201900000000000060000000000000000000000000000000000000000000000000000000034121                    3001029090000000000 
1040001300098Q 012027382890000108ZOE PRODUTOS PARA FESTAS EIRELI         AV CONEGO JOAO LIMA                     SETOR CENTRAL  77804010ARAGUAINA     TO0000000000000000                                                                       0
1040001300099R 01000000000000000000000000000000000000000000000000220022019000000000000200                                                                                                                                                       
1040001300100P 0101298027300700000000000140000000000341221122034122          2003201900000000003300000000099N2007201822003201900000000000060000000000000000000000000000000000000000000000000000000034122                    3001029090000000000 
1040001300101Q 012027382890000108ZOE PRODUTOS PARA FESTAS EIRELI         AV CONEGO JOAO LIMA                     SETOR CENTRAL  77804010ARAGUAINA     TO0000000000000000                                                                       0
1040001300102R 01000000000000000000000000000000000000000000000000220032019000000000000200                                                                                                                                                       
1040001300103P 0101298027300700000000000140000000000341231122034123          2004201900000000003300000000099N2007201822004201900000000000060000000000000000000000000000000000000000000000000000000034123                    3001029090000000000 
1040001300104Q 012027382890000108ZOE PRODUTOS PARA FESTAS EIRELI         AV CONEGO JOAO LIMA                     SETOR CENTRAL  77804010ARAGUAINA     TO0000000000000000                                                                       0
1040001300105R 01000000000000000000000000000000000000000000000000220042019000000000000200                                                                                                                                                       
1040001300106P 0101298027300700000000000140000000000341241122034124          2005201900000000003300000000099N2007201822005201900000000000060000000000000000000000000000000000000000000000000000000034124                    3001029090000000000 
1040001300107Q 012027382890000108ZOE PRODUTOS PARA FESTAS EIRELI         AV CONEGO JOAO LIMA                     SETOR CENTRAL  77804010ARAGUAINA     TO0000000000000000                                                                       0
1040001300108R 01000000000000000000000000000000000000000000000000220052019000000000000200                                                                                                                                                       
1040001300109P 0101298027300700000000000140000000000341251122034125          2006201900000000003300000000099N2007201822006201900000000000060000000000000000000000000000000000000000000000000000000034125                    3001029090000000000 
1040001300110Q 012027382890000108ZOE PRODUTOS PARA FESTAS EIRELI         AV CONEGO JOAO LIMA                     SETOR CENTRAL  77804010ARAGUAINA     TO0000000000000000                                                                       0
1040001300111R 01000000000000000000000000000000000000000000000000220062019000000000000200                                                                                                                                                       
1040001300112P 0101298027300700000000000140000000000341261122034126          2007201900000000003300000000099N2007201822007201900000000000060000000000000000000000000000000000000000000000000000000034126                    3001029090000000000 
1040001300113Q 012027382890000108ZOE PRODUTOS PARA FESTAS EIRELI         AV CONEGO JOAO LIMA                     SETOR CENTRAL  77804010ARAGUAINA     TO0000000000000000                                                                       0
1040001300114R 01000000000000000000000000000000000000000000000000220072019000000000000200                                                                                                                                                       
1040001300115P 0101298027300700000000000140000000000341271122034127          2807201800000000010000000000099N2007201822807201800000000000060000000000000000000000000000000000000000000000000000000034127                    3001029090000000000 
1040001300116Q 012012336366000115VIDA PRODUTOS PARA FESTAS EIRELI        AV PREFEITO JOAO DE SOUZA LIMA          SETOR CARAJA   77809040ARAGUAINA     TO0000000000000000                                                                       0
1040001300117R 01000000000000000000000000000000000000000000000000228072018000000000000200                                                                                                                                                       
1040001300118P 0101298027300700000000000140000000000341281122034128          2008201800000000003300000000099N2007201822008201800000000000060000000000000000000000000000000000000000000000000000000034128                    3001029090000000000 
1040001300119Q 012012336366000115VIDA PRODUTOS PARA FESTAS EIRELI        AV PREFEITO JOAO DE SOUZA LIMA          SETOR CARAJA   77809040ARAGUAINA     TO0000000000000000                                                                       0
1040001300120R 01000000000000000000000000000000000000000000000000220082018000000000000200                                                                                                                                                       
1040001300121P 0101298027300700000000000140000000000341291122034129          2009201800000000003300000000099N2007201822009201800000000000060000000000000000000000000000000000000000000000000000000034129                    3001029090000000000 
1040001300122Q 012012336366000115VIDA PRODUTOS PARA FESTAS EIRELI        AV PREFEITO JOAO DE SOUZA LIMA          SETOR CARAJA   77809040ARAGUAINA     TO0000000000000000                                                                       0
1040001300123R 01000000000000000000000000000000000000000000000000220092018000000000000200                                                                                                                                                       
1040001300124P 0101298027300700000000000140000000000341301122034130          2010201800000000003300000000099N2007201822010201800000000000060000000000000000000000000000000000000000000000000000000034130                    3001029090000000000 
1040001300125Q 012012336366000115VIDA PRODUTOS PARA FESTAS EIRELI        AV PREFEITO JOAO DE SOUZA LIMA          SETOR CARAJA   77809040ARAGUAINA     TO0000000000000000                                                                       0
1040001300126R 01000000000000000000000000000000000000000000000000220102018000000000000200                                                                                                                                                       
1040001300127P 0101298027300700000000000140000000000341311122034131          2011201800000000003300000000099N2007201822011201800000000000060000000000000000000000000000000000000000000000000000000034131                    3001029090000000000 
1040001300128Q 012012336366000115VIDA PRODUTOS PARA FESTAS EIRELI        AV PREFEITO JOAO DE SOUZA LIMA          SETOR CARAJA   77809040ARAGUAINA     TO0000000000000000                                                                       0
1040001300129R 01000000000000000000000000000000000000000000000000220112018000000000000200                                                                                                                                                       
1040001300130P 0101298027300700000000000140000000000341321122034132          2012201800000000003300000000099N2007201822012201800000000000060000000000000000000000000000000000000000000000000000000034132                    3001029090000000000 
1040001300131Q 012012336366000115VIDA PRODUTOS PARA FESTAS EIRELI        AV PREFEITO JOAO DE SOUZA LIMA          SETOR CARAJA   77809040ARAGUAINA     TO0000000000000000                                                                       0
1040001300132R 01000000000000000000000000000000000000000000000000220122018000000000000200                                                                                                                                                       
1040001300133P 0101298027300700000000000140000000000341331122034133          2001201900000000003300000000099N2007201822001201900000000000060000000000000000000000000000000000000000000000000000000034133                    3001029090000000000 
1040001300134Q 012012336366000115VIDA PRODUTOS PARA FESTAS EIRELI        AV PREFEITO JOAO DE SOUZA LIMA          SETOR CARAJA   77809040ARAGUAINA     TO0000000000000000                                                                       0
1040001300135R 01000000000000000000000000000000000000000000000000220012019000000000000200                                                                                                                                                       
1040001300136P 0101298027300700000000000140000000000341341122034134          2002201900000000003300000000099N2007201822002201900000000000060000000000000000000000000000000000000000000000000000000034134                    3001029090000000000 
1040001300137Q 012012336366000115VIDA PRODUTOS PARA FESTAS EIRELI        AV PREFEITO JOAO DE SOUZA LIMA          SETOR CARAJA   77809040ARAGUAINA     TO0000000000000000                                                                       0
1040001300138R 01000000000000000000000000000000000000000000000000220022019000000000000200                                                                                                                                                       
1040001300139P 0101298027300700000000000140000000000341351122034135          2003201900000000003300000000099N2007201822003201900000000000060000000000000000000000000000000000000000000000000000000034135                    3001029090000000000 
1040001300140Q 012012336366000115VIDA PRODUTOS PARA FESTAS EIRELI        AV PREFEITO JOAO DE SOUZA LIMA          SETOR CARAJA   77809040ARAGUAINA     TO0000000000000000                                                                       0
1040001300141R 01000000000000000000000000000000000000000000000000220032019000000000000200                                                                                                                                                       
1040001300142P 0101298027300700000000000140000000000341361122034136          2004201900000000003300000000099N2007201822004201900000000000060000000000000000000000000000000000000000000000000000000034136                    3001029090000000000 
1040001300143Q 012012336366000115VIDA PRODUTOS PARA FESTAS EIRELI        AV PREFEITO JOAO DE SOUZA LIMA          SETOR CARAJA   77809040ARAGUAINA     TO0000000000000000                                                                       0
1040001300144R 01000000000000000000000000000000000000000000000000220042019000000000000200                                                                                                                                                       
1040001300145P 0101298027300700000000000140000000000341371122034137          2005201900000000003330000000099N2007201822005201900000000000060000000000000000000000000000000000000000000000000000000034137                    3001029090000000000 
1040001300146Q 012012336366000115VIDA PRODUTOS PARA FESTAS EIRELI        AV PREFEITO JOAO DE SOUZA LIMA          SETOR CARAJA   77809040ARAGUAINA     TO0000000000000000                                                                       0
1040001300147R 01000000000000000000000000000000000000000000000000220052019000000000000200                                                                                                                                                       
1040001300148P 0101298027300700000000000140000000000341381122034138          2006201900000000003300000000099N2007201822006201900000000000060000000000000000000000000000000000000000000000000000000034138                    3001029090000000000 
1040001300149Q 012012336366000115VIDA PRODUTOS PARA FESTAS EIRELI        AV PREFEITO JOAO DE SOUZA LIMA          SETOR CARAJA   77809040ARAGUAINA     TO0000000000000000                                                                       0
1040001300150R 01000000000000000000000000000000000000000000000000220062019000000000000200                                                                                                                                                       
10400015         000152000050000000000017144200000000000000000000000000000000000000000000000                                                                                                                                                    
10499999         000001000154                                                                                                                                                                                                                   