10400000         2116559540001590000000000000000000001298027300700000000FEDERAL SISTEMAS              CAIXA ECONOMICA FEDERAL                 11902201809210700002005000000                    REMESSA-PRODUCAO                                 
10400011R0100030 20116559540001592730070000000000000001298027300700000000FEDERAL SISTEMAS                                                                                              000000201902201800000000                                 
1040001300001P 0101298027300700000000000140000000000261911122026191          2002201800000000003000000000099N1402201822002201800000000000000000000000000000000000000000000000000000000000000000000026191                    3001700090000000000 
1040001300002Q 012026180821000140IGREJA BATISTA EM RENOVACAO ESPIRITUAL NPROXIMO AO MIRANTE DO JARDIM TROPICAL  JARDIM TROPICAL76300000CERES          GO0000000000000000                                                                       0
1040001300003R 01000000000000000000000000000000000000000000000000220022018000000000000200                                                                                                                                                       
1040001300004P 0101298027300700000000000140000000000261921122026192          2802201800000000003600000000099N1402201822802201800000000000000000000000000000000000000000000000000000000000000000000026192                    3001700090000000000 
1040001300005Q 012026180821000140IGREJA BATISTA EM RENOVACAO ESPIRITUAL NPROXIMO AO MIRANTE DO JARDIM TROPICAL  JARDIM TROPICAL76300000CERES          GO0000000000000000                                                                       0
1040001300006R 01000000000000000000000000000000000000000000000000228022018000000000000200                                                                                                                                                       
1040001300007P 0101298027300700000000000140000000000261931122026193          1203201800000000002500000000099N1402201821203201800000000000000000000000000000000000000000000000000000000000000000000026193                    3001700090000000000 
1040001300008Q 012026180821000140IGREJA BATISTA EM RENOVACAO ESPIRITUAL NPROXIMO AO MIRANTE DO JARDIM TROPICAL  JARDIM TROPICAL76300000CERES          GO0000000000000000                                                                       0
1040001300009R 01000000000000000000000000000000000000000000000000212032018000000000000200                                                                                                                                                       
1040001300010P 0101298027300700000000000140000000000261941122026194          1204201800000000002500000000099N1402201821204201800000000000000000000000000000000000000000000000000000000000000000000026194                    3001700090000000000 
1040001300011Q 012026180821000140IGREJA BATISTA EM RENOVACAO ESPIRITUAL NPROXIMO AO MIRANTE DO JARDIM TROPICAL  JARDIM TROPICAL76300000CERES          GO0000000000000000                                                                       0
1040001300012R 01000000000000000000000000000000000000000000000000212042018000000000000200                                                                                                                                                       
1040001300013P 0101298027300700000000000140000000000261951122026195          1205201800000000002500000000099N1402201821205201800000000000000000000000000000000000000000000000000000000000000000000026195                    3001700090000000000 
1040001300014Q 012026180821000140IGREJA BATISTA EM RENOVACAO ESPIRITUAL NPROXIMO AO MIRANTE DO JARDIM TROPICAL  JARDIM TROPICAL76300000CERES          GO0000000000000000                                                                       0
1040001300015R 01000000000000000000000000000000000000000000000000212052018000000000000200                                                                                                                                                       
1040001300016P 0101298027300700000000000140000000000261961122026196          1206201800000000002500000000099N1402201821206201800000000000000000000000000000000000000000000000000000000000000000000026196                    3001700090000000000 
1040001300017Q 012026180821000140IGREJA BATISTA EM RENOVACAO ESPIRITUAL NPROXIMO AO MIRANTE DO JARDIM TROPICAL  JARDIM TROPICAL76300000CERES          GO0000000000000000                                                                       0
1040001300018R 01000000000000000000000000000000000000000000000000212062018000000000000200                                                                                                                                                       
1040001300019P 0101298027300700000000000140000000000261971122026197          1207201800000000002500000000099N1402201821207201800000000000000000000000000000000000000000000000000000000000000000000026197                    3001700090000000000 
1040001300020Q 012026180821000140IGREJA BATISTA EM RENOVACAO ESPIRITUAL NPROXIMO AO MIRANTE DO JARDIM TROPICAL  JARDIM TROPICAL76300000CERES          GO0000000000000000                                                                       0
1040001300021R 01000000000000000000000000000000000000000000000000212072018000000000000200                                                                                                                                                       
1040001300022P 0101298027300700000000000140000000000261981122026198          1208201800000000002500000000099N1402201821208201800000000000000000000000000000000000000000000000000000000000000000000026198                    3001700090000000000 
1040001300023Q 012026180821000140IGREJA BATISTA EM RENOVACAO ESPIRITUAL NPROXIMO AO MIRANTE DO JARDIM TROPICAL  JARDIM TROPICAL76300000CERES          GO0000000000000000                                                                       0
1040001300024R 01000000000000000000000000000000000000000000000000212082018000000000000200                                                                                                                                                       
1040001300025P 0101298027300700000000000140000000000261991122026199          1209201800000000002500000000099N1402201821209201800000000000000000000000000000000000000000000000000000000000000000000026199                    3001700090000000000 
1040001300026Q 012026180821000140IGREJA BATISTA EM RENOVACAO ESPIRITUAL NPROXIMO AO MIRANTE DO JARDIM TROPICAL  JARDIM TROPICAL76300000CERES          GO0000000000000000                                                                       0
1040001300027R 01000000000000000000000000000000000000000000000000212092018000000000000200                                                                                                                                                       
1040001300028P 0101298027300700000000000140000000000262001122026200          1210201800000000002500000000099N1402201821210201800000000000000000000000000000000000000000000000000000000000000000000026200                    3001700090000000000 
1040001300029Q 012026180821000140IGREJA BATISTA EM RENOVACAO ESPIRITUAL NPROXIMO AO MIRANTE DO JARDIM TROPICAL  JARDIM TROPICAL76300000CERES          GO0000000000000000                                                                       0
1040001300030R 01000000000000000000000000000000000000000000000000212102018000000000000200                                                                                                                                                       
1040001300031P 0101298027300700000000000140000000000262011122026201          1211201800000000002500000000099N1402201821211201800000000000000000000000000000000000000000000000000000000000000000000026201                    3001700090000000000 
1040001300032Q 012026180821000140IGREJA BATISTA EM RENOVACAO ESPIRITUAL NPROXIMO AO MIRANTE DO JARDIM TROPICAL  JARDIM TROPICAL76300000CERES          GO0000000000000000                                                                       0
1040001300033R 01000000000000000000000000000000000000000000000000212112018000000000000200                                                                                                                                                       
1040001300034P 0101298027300700000000000140000000000262021122026202          1212201800000000002500000000099N1402201821212201800000000000000000000000000000000000000000000000000000000000000000000026202                    3001700090000000000 
1040001300035Q 012026180821000140IGREJA BATISTA EM RENOVACAO ESPIRITUAL NPROXIMO AO MIRANTE DO JARDIM TROPICAL  JARDIM TROPICAL76300000CERES          GO0000000000000000                                                                       0
1040001300036R 01000000000000000000000000000000000000000000000000212122018000000000000200                                                                                                                                                       
1040001300037P 0101298027300700000000000140000000000262031122026203          1201201900000000002500000000099N1402201821201201900000000000000000000000000000000000000000000000000000000000000000000026203                    3001700090000000000 
1040001300038Q 012026180821000140IGREJA BATISTA EM RENOVACAO ESPIRITUAL NPROXIMO AO MIRANTE DO JARDIM TROPICAL  JARDIM TROPICAL76300000CERES          GO0000000000000000                                                                       0
1040001300039R 01000000000000000000000000000000000000000000000000212012019000000000000200                                                                                                                                                       
1040001300040P 0101298027300700000000000140000000000262041122026204          1202201900000000002500000000099N1402201821202201900000000000000000000000000000000000000000000000000000000000000000000026204                    3001700090000000000 
1040001300041Q 012026180821000140IGREJA BATISTA EM RENOVACAO ESPIRITUAL NPROXIMO AO MIRANTE DO JARDIM TROPICAL  JARDIM TROPICAL76300000CERES          GO0000000000000000                                                                       0
1040001300042R 01000000000000000000000000000000000000000000000000212022019000000000000200                                                                                                                                                       
1040001300043P 0101298027300700000000000140000000000262071122026207          1503201800000000002000000000099N1402201821503201800000000000000000000000000000000000000000000000000000000000000000000026207                    3001700090000000000 
1040001300044Q 011000006566645179JESSICA VIEIRA FRAGOSA                 RUA 86 QD 11                            PARQUE REAL    76310000RIALMA         GO0000000000000000                                                                       0
1040001300045R 01000000000000000000000000000000000000000000000000215032018000000000000200                                                                                                                                                       
1040001300046P 0101298027300700000000000140000000000262081122026208          1504201800000000002000000000099N1402201821504201800000000000000000000000000000000000000000000000000000000000000000000026208                    3001700090000000000 
1040001300047Q 011000006566645179JESSICA VIEIRA FRAGOSA                 RUA 86 QD 11                            PARQUE REAL    76310000RIALMA         GO0000000000000000                                                                       0
1040001300048R 01000000000000000000000000000000000000000000000000215042018000000000000200                                                                                                                                                       
10400015         000050000016000000000004060000000000000000000000000000000000000000000000000                                                                                                                                                    
10499999         000001000052                                                                                                                                                                                                                   