10400000         2116559540001590000000000000000000001298027300700000000FEDERAL SISTEMAS              CAIXA ECONOMICA FEDERAL                 11906201817261300013305000000                    REMESSA-PRODUCAO                                 
10400011R0100030 20116559540001592730070000000000000001298027300700000000FEDERAL SISTEMAS                                                                                              000001331906201800000000                                 
1040001300001P 0101298027300700000000000140000000000326451122032645          2807201800000000000299000000099N1806201822807201800000000000060000000000000000000000000000000000000000000000000000000032645                    3001029090000000000 
1040001300002Q 011000055032079391EDIVALDO LOURENCO DOS SANTOS            RUA RECIFE                              PARQUE AMAZONIA74843060GOIANIA        GO0000000000000000                                                                       
1040001300003R 01000000000000000000000000000000000000000000000000228072018000000000000200                                                                                                                                                       
1040001300004P 0101298027300700000000000140000000000326461122032646          2808201800000000000299000000099N1806201822808201800000000000060000000000000000000000000000000000000000000000000000000032646                    3001029090000000000 
1040001300005Q 011000055032079391EDIVALDO LOURENCO DOS SANTOS            RUA RECIFE                              PARQUE AMAZONIA74843060GOIANIA        GO0000000000000000                                                                       
1040001300006R 01000000000000000000000000000000000000000000000000228082018000000000000200                                                                                                                                                       
1040001300007P 0101298027300700000000000140000000000326471122032647          2809201800000000000299000000099N1806201822809201800000000000060000000000000000000000000000000000000000000000000000000032647                    3001029090000000000 
1040001300008Q 011000055032079391EDIVALDO LOURENCO DOS SANTOS            RUA RECIFE                              PARQUE AMAZONIA74843060GOIANIA        GO0000000000000000                                                                       
1040001300009R 01000000000000000000000000000000000000000000000000228092018000000000000200                                                                                                                                                       
1040001300010P 0101298027300700000000000140000000000326481122032648          2810201800000000000299000000099N1806201822810201800000000000060000000000000000000000000000000000000000000000000000000032648                    3001029090000000000 
1040001300011Q 011000055032079391EDIVALDO LOURENCO DOS SANTOS            RUA RECIFE                              PARQUE AMAZONIA74843060GOIANIA        GO0000000000000000                                                                       
1040001300012R 01000000000000000000000000000000000000000000000000228102018000000000000200                                                                                                                                                       
1040001300013P 0101298027300700000000000140000000000326491122032649          2811201800000000000299000000099N1806201822811201800000000000060000000000000000000000000000000000000000000000000000000032649                    3001029090000000000 
1040001300014Q 011000055032079391EDIVALDO LOURENCO DOS SANTOS            RUA RECIFE                              PARQUE AMAZONIA74843060GOIANIA        GO0000000000000000                                                                       
1040001300015R 01000000000000000000000000000000000000000000000000228112018000000000000200                                                                                                                                                       
1040001300016P 0101298027300700000000000140000000000326501122032650          2812201800000000000299000000099N1806201822812201800000000000060000000000000000000000000000000000000000000000000000000032650                    3001029090000000000 
1040001300017Q 011000055032079391EDIVALDO LOURENCO DOS SANTOS            RUA RECIFE                              PARQUE AMAZONIA74843060GOIANIA        GO0000000000000000                                                                       
1040001300018R 01000000000000000000000000000000000000000000000000228122018000000000000200                                                                                                                                                       
1040001300019P 0101298027300700000000000140000000000326511122032651          2801201900000000000299000000099N1806201822801201900000000000060000000000000000000000000000000000000000000000000000000032651                    3001029090000000000 
1040001300020Q 011000055032079391EDIVALDO LOURENCO DOS SANTOS            RUA RECIFE                              PARQUE AMAZONIA74843060GOIANIA        GO0000000000000000                                                                       
1040001300021R 01000000000000000000000000000000000000000000000000228012019000000000000200                                                                                                                                                       
1040001300022P 0101298027300700000000000140000000000326521122032652          2802201900000000000299000000099N1806201822802201900000000000060000000000000000000000000000000000000000000000000000000032652                    3001029090000000000 
1040001300023Q 011000055032079391EDIVALDO LOURENCO DOS SANTOS            RUA RECIFE                              PARQUE AMAZONIA74843060GOIANIA        GO0000000000000000                                                                       
1040001300024R 01000000000000000000000000000000000000000000000000228022019000000000000200                                                                                                                                                       
1040001300025P 0101298027300700000000000140000000000326531122032653          2803201900000000000299000000099N1806201822803201900000000000060000000000000000000000000000000000000000000000000000000032653                    3001029090000000000 
1040001300026Q 011000055032079391EDIVALDO LOURENCO DOS SANTOS            RUA RECIFE                              PARQUE AMAZONIA74843060GOIANIA        GO0000000000000000                                                                       
1040001300027R 01000000000000000000000000000000000000000000000000228032019000000000000200                                                                                                                                                       
1040001300028P 0101298027300700000000000140000000000326541122032654          2804201900000000000299000000099N1806201822804201900000000000060000000000000000000000000000000000000000000000000000000032654                    3001029090000000000 
1040001300029Q 011000055032079391EDIVALDO LOURENCO DOS SANTOS            RUA RECIFE                              PARQUE AMAZONIA74843060GOIANIA        GO0000000000000000                                                                       
1040001300030R 01000000000000000000000000000000000000000000000000228042019000000000000200                                                                                                                                                       
1040001300031P 0101298027300700000000000140000000000326551122032655          2805201900000000000299000000099N1806201822805201900000000000060000000000000000000000000000000000000000000000000000000032655                    3001029090000000000 
1040001300032Q 011000055032079391EDIVALDO LOURENCO DOS SANTOS            RUA RECIFE                              PARQUE AMAZONIA74843060GOIANIA        GO0000000000000000                                                                       
1040001300033R 01000000000000000000000000000000000000000000000000228052019000000000000200                                                                                                                                                       
1040001300034P 0101298027300700000000000140000000000326561122032656          2806201900000000000299000000099N1806201822806201900000000000060000000000000000000000000000000000000000000000000000000032656                    3001029090000000000 
1040001300035Q 011000055032079391EDIVALDO LOURENCO DOS SANTOS            RUA RECIFE                              PARQUE AMAZONIA74843060GOIANIA        GO0000000000000000                                                                       
1040001300036R 01000000000000000000000000000000000000000000000000228062019000000000000200                                                                                                                                                       
1040001300037P 0101298027300700000000000140000000000326571122032657          2008201800000000000699000000099N1806201822008201800000000000060000000000000000000000000000000000000000000000000000000032657                    3001029090000000000 
1040001300038Q 011000000009736107DIVANIO ANTONIO DA SILVA                FAZENDA JENIPAPO                                       76320000SANTA ISABEL   GO0000000000000000                                                                       
1040001300039R 01000000000000000000000000000000000000000000000000220082018000000000000200                                                                                                                                                       
1040001300040P 0101298027300700000000000140000000000326581122032658          2009201800000000000699000000099N1806201822009201800000000000060000000000000000000000000000000000000000000000000000000032658                    3001029090000000000 
1040001300041Q 011000000009736107DIVANIO ANTONIO DA SILVA                FAZENDA JENIPAPO                                       76320000SANTA ISABEL   GO0000000000000000                                                                       
1040001300042R 01000000000000000000000000000000000000000000000000220092018000000000000200                                                                                                                                                       
1040001300043P 0101298027300700000000000140000000000326591122032659          2010201800000000000699000000099N1806201822010201800000000000060000000000000000000000000000000000000000000000000000000032659                    3001029090000000000 
1040001300044Q 011000000009736107DIVANIO ANTONIO DA SILVA                FAZENDA JENIPAPO                                       76320000SANTA ISABEL   GO0000000000000000                                                                       
1040001300045R 01000000000000000000000000000000000000000000000000220102018000000000000200                                                                                                                                                       
1040001300046P 0101298027300700000000000140000000000326601122032660          2011201800000000000699000000099N1806201822011201800000000000060000000000000000000000000000000000000000000000000000000032660                    3001029090000000000 
1040001300047Q 011000000009736107DIVANIO ANTONIO DA SILVA                FAZENDA JENIPAPO                                       76320000SANTA ISABEL   GO0000000000000000                                                                       
1040001300048R 01000000000000000000000000000000000000000000000000220112018000000000000200                                                                                                                                                       
1040001300049P 0101298027300700000000000140000000000326611122032661          2012201800000000000699000000099N1806201822012201800000000000060000000000000000000000000000000000000000000000000000000032661                    3001029090000000000 
1040001300050Q 011000000009736107DIVANIO ANTONIO DA SILVA                FAZENDA JENIPAPO                                       76320000SANTA ISABEL   GO0000000000000000                                                                       
1040001300051R 01000000000000000000000000000000000000000000000000220122018000000000000200                                                                                                                                                       
1040001300052P 0101298027300700000000000140000000000326621122032662          2001201900000000000699000000099N1806201822001201900000000000060000000000000000000000000000000000000000000000000000000032662                    3001029090000000000 
1040001300053Q 011000000009736107DIVANIO ANTONIO DA SILVA                FAZENDA JENIPAPO                                       76320000SANTA ISABEL   GO0000000000000000                                                                       
1040001300054R 01000000000000000000000000000000000000000000000000220012019000000000000200                                                                                                                                                       
1040001300055P 0101298027300700000000000140000000000326631122032663          2002201900000000000699000000099N1806201822002201900000000000060000000000000000000000000000000000000000000000000000000032663                    3001029090000000000 
1040001300056Q 011000000009736107DIVANIO ANTONIO DA SILVA                FAZENDA JENIPAPO                                       76320000SANTA ISABEL   GO0000000000000000                                                                       
1040001300057R 01000000000000000000000000000000000000000000000000220022019000000000000200                                                                                                                                                       
1040001300058P 0101298027300700000000000140000000000326641122032664          2003201900000000000699000000099N1806201822003201900000000000060000000000000000000000000000000000000000000000000000000032664                    3001029090000000000 
1040001300059Q 011000000009736107DIVANIO ANTONIO DA SILVA                FAZENDA JENIPAPO                                       76320000SANTA ISABEL   GO0000000000000000                                                                       
1040001300060R 01000000000000000000000000000000000000000000000000220032019000000000000200                                                                                                                                                       
1040001300061P 0101298027300700000000000140000000000326651122032665          2004201900000000000699000000099N1806201822004201900000000000060000000000000000000000000000000000000000000000000000000032665                    3001029090000000000 
1040001300062Q 011000000009736107DIVANIO ANTONIO DA SILVA                FAZENDA JENIPAPO                                       76320000SANTA ISABEL   GO0000000000000000                                                                       
1040001300063R 01000000000000000000000000000000000000000000000000220042019000000000000200                                                                                                                                                       
1040001300064P 0101298027300700000000000140000000000326661122032666          2005201900000000000699000000099N1806201822005201900000000000060000000000000000000000000000000000000000000000000000000032666                    3001029090000000000 
1040001300065Q 011000000009736107DIVANIO ANTONIO DA SILVA                FAZENDA JENIPAPO                                       76320000SANTA ISABEL   GO0000000000000000                                                                       
1040001300066R 01000000000000000000000000000000000000000000000000220052019000000000000200                                                                                                                                                       
1040001300067P 0101298027300700000000000140000000000326671122032667          2006201900000000000699000000099N1806201822006201900000000000060000000000000000000000000000000000000000000000000000000032667                    3001029090000000000 
1040001300068Q 011000000009736107DIVANIO ANTONIO DA SILVA                FAZENDA JENIPAPO                                       76320000SANTA ISABEL   GO0000000000000000                                                                       
1040001300069R 01000000000000000000000000000000000000000000000000220062019000000000000200                                                                                                                                                       
1040001300070P 0101298027300700000000000140000000000326681122032668          2007201900000000000699000000099N1806201822007201900000000000060000000000000000000000000000000000000000000000000000000032668                    3001029090000000000 
1040001300071Q 011000000009736107DIVANIO ANTONIO DA SILVA                FAZENDA JENIPAPO                                       76320000SANTA ISABEL   GO0000000000000000                                                                       
1040001300072R 01000000000000000000000000000000000000000000000000220072019000000000000200                                                                                                                                                       
1040001300073P 0101298027300700000000000140000000000326691122032669          1010201800000000000399000000099N1806201821010201800000000000060000000000000000000000000000000000000000000000000000000032669                    3001029090000000000 
1040001300074Q 011000002301859169DANIEL ELIAS BATISTA JUNIOR             RUA ASSUNCAO Q 4  - L 7 N° 169         CENTRO         76340000CARMO DO RIO VEGO0000000000000000                                                                       
1040001300075R 01000000000000000000000000000000000000000000000000210102018000000000000200                                                                                                                                                       
1040001300076P 0101298027300700000000000140000000000326701122032670          1011201800000000000399000000099N1806201821011201800000000000060000000000000000000000000000000000000000000000000000000032670                    3001029090000000000 
1040001300077Q 011000002301859169DANIEL ELIAS BATISTA JUNIOR             RUA ASSUNCAO Q 4  - L 7 N° 169         CENTRO         76340000CARMO DO RIO VEGO0000000000000000                                                                       
1040001300078R 01000000000000000000000000000000000000000000000000210112018000000000000200                                                                                                                                                       
1040001300079P 0101298027300700000000000140000000000326711122032671          1012201800000000000399000000099N1806201821012201800000000000060000000000000000000000000000000000000000000000000000000032671                    3001029090000000000 
1040001300080Q 011000002301859169DANIEL ELIAS BATISTA JUNIOR             RUA ASSUNCAO Q 4  - L 7 N° 169         CENTRO         76340000CARMO DO RIO VEGO0000000000000000                                                                       
1040001300081R 01000000000000000000000000000000000000000000000000210122018000000000000200                                                                                                                                                       
1040001300082P 0101298027300700000000000140000000000326721122032672          1001201900000000000399000000099N1806201821001201900000000000060000000000000000000000000000000000000000000000000000000032672                    3001029090000000000 
1040001300083Q 011000002301859169DANIEL ELIAS BATISTA JUNIOR             RUA ASSUNCAO Q 4  - L 7 N° 169         CENTRO         76340000CARMO DO RIO VEGO0000000000000000                                                                       
1040001300084R 01000000000000000000000000000000000000000000000000210012019000000000000200                                                                                                                                                       
1040001300085P 0101298027300700000000000140000000000326731122032673          1002201900000000000399000000099N1806201821002201900000000000060000000000000000000000000000000000000000000000000000000032673                    3001029090000000000 
1040001300086Q 011000002301859169DANIEL ELIAS BATISTA JUNIOR             RUA ASSUNCAO Q 4  - L 7 N° 169         CENTRO         76340000CARMO DO RIO VEGO0000000000000000                                                                       
1040001300087R 01000000000000000000000000000000000000000000000000210022019000000000000200                                                                                                                                                       
1040001300088P 0101298027300700000000000140000000000326741122032674          1003201900000000000399000000099N1806201821003201900000000000060000000000000000000000000000000000000000000000000000000032674                    3001029090000000000 
1040001300089Q 011000002301859169DANIEL ELIAS BATISTA JUNIOR             RUA ASSUNCAO Q 4  - L 7 N° 169         CENTRO         76340000CARMO DO RIO VEGO0000000000000000                                                                       
1040001300090R 01000000000000000000000000000000000000000000000000210032019000000000000200                                                                                                                                                       
1040001300091P 0101298027300700000000000140000000000326751122032675          1004201900000000000399000000099N1806201821004201900000000000060000000000000000000000000000000000000000000000000000000032675                    3001029090000000000 
1040001300092Q 011000002301859169DANIEL ELIAS BATISTA JUNIOR             RUA ASSUNCAO Q 4  - L 7 N° 169         CENTRO         76340000CARMO DO RIO VEGO0000000000000000                                                                       
1040001300093R 01000000000000000000000000000000000000000000000000210042019000000000000200                                                                                                                                                       
1040001300094P 0101298027300700000000000140000000000326761122032676          1005201900000000000399000000099N1806201821005201900000000000060000000000000000000000000000000000000000000000000000000032676                    3001029090000000000 
1040001300095Q 011000002301859169DANIEL ELIAS BATISTA JUNIOR             RUA ASSUNCAO Q 4  - L 7 N° 169         CENTRO         76340000CARMO DO RIO VEGO0000000000000000                                                                       
1040001300096R 01000000000000000000000000000000000000000000000000210052019000000000000200                                                                                                                                                       
1040001300097P 0101298027300700000000000140000000000326771122032677          1006201900000000000399000000099N1806201821006201900000000000060000000000000000000000000000000000000000000000000000000032677                    3001029090000000000 
1040001300098Q 011000002301859169DANIEL ELIAS BATISTA JUNIOR             RUA ASSUNCAO Q 4  - L 7 N° 169         CENTRO         76340000CARMO DO RIO VEGO0000000000000000                                                                       
1040001300099R 01000000000000000000000000000000000000000000000000210062019000000000000200                                                                                                                                                       
1040001300100P 0101298027300700000000000140000000000326781122032678          1007201900000000000399000000099N1806201821007201900000000000060000000000000000000000000000000000000000000000000000000032678                    3001029090000000000 
1040001300101Q 011000002301859169DANIEL ELIAS BATISTA JUNIOR             RUA ASSUNCAO Q 4  - L 7 N° 169         CENTRO         76340000CARMO DO RIO VEGO0000000000000000                                                                       
1040001300102R 01000000000000000000000000000000000000000000000000210072019000000000000200                                                                                                                                                       
1040001300103P 0101298027300700000000000140000000000326791122032679          1008201900000000000399000000099N1806201821008201900000000000060000000000000000000000000000000000000000000000000000000032679                    3001029090000000000 
1040001300104Q 011000002301859169DANIEL ELIAS BATISTA JUNIOR             RUA ASSUNCAO Q 4  - L 7 N° 169         CENTRO         76340000CARMO DO RIO VEGO0000000000000000                                                                       
1040001300105R 01000000000000000000000000000000000000000000000000210082019000000000000200                                                                                                                                                       
1040001300106P 0101298027300700000000000140000000000326801122032680          1009201900000000000399000000099N1806201821009201900000000000060000000000000000000000000000000000000000000000000000000032680                    3001029090000000000 
1040001300107Q 011000002301859169DANIEL ELIAS BATISTA JUNIOR             RUA ASSUNCAO Q 4  - L 7 N° 169         CENTRO         76340000CARMO DO RIO VEGO0000000000000000                                                                       
1040001300108R 01000000000000000000000000000000000000000000000000210092019000000000000200                                                                                                                                                       
1040001300109P 0101298027300700000000000140000000000326811122032681          2007201800000000000750000000099N1806201822007201800000000000060000000000000000000000000000000000000000000000000000000032681                    3001029090000000000 
1040001300110Q 012002297711000103COOPERATIVA AGROPECUARIA DE GOIANESIA LTRODOVIA GO 080 KM 56,3                  ZONA RURAL     76380000GOIANESIA      GO0000000000000000                                                                       
1040001300111R 01000000000000000000000000000000000000000000000000220072018000000000000200                                                                                                                                                       
1040001300112P 0101298027300700000000000140000000000326821122032682          2008201800000000000750000000099N1806201822008201800000000000060000000000000000000000000000000000000000000000000000000032682                    3001029090000000000 
1040001300113Q 012002297711000103COOPERATIVA AGROPECUARIA DE GOIANESIA LTRODOVIA GO 080 KM 56,3                  ZONA RURAL     76380000GOIANESIA      GO0000000000000000                                                                       
1040001300114R 01000000000000000000000000000000000000000000000000220082018000000000000200                                                                                                                                                       
1040001300115P 0101298027300700000000000140000000000326831122032683          2009201800000000000750000000099N1806201822009201800000000000060000000000000000000000000000000000000000000000000000000032683                    3001029090000000000 
1040001300116Q 012002297711000103COOPERATIVA AGROPECUARIA DE GOIANESIA LTRODOVIA GO 080 KM 56,3                  ZONA RURAL     76380000GOIANESIA      GO0000000000000000                                                                       
1040001300117R 01000000000000000000000000000000000000000000000000220092018000000000000200                                                                                                                                                       
1040001300118P 0101298027300700000000000140000000000326841122032684          2010201800000000000750000000099N1806201822010201800000000000060000000000000000000000000000000000000000000000000000000032684                    3001029090000000000 
1040001300119Q 012002297711000103COOPERATIVA AGROPECUARIA DE GOIANESIA LTRODOVIA GO 080 KM 56,3                  ZONA RURAL     76380000GOIANESIA      GO0000000000000000                                                                       
1040001300120R 01000000000000000000000000000000000000000000000000220102018000000000000200                                                                                                                                                       
1040001300121P 0101298027300700000000000140000000000326851122032685          2011201800000000000750000000099N1806201822011201800000000000060000000000000000000000000000000000000000000000000000000032685                    3001029090000000000 
1040001300122Q 012002297711000103COOPERATIVA AGROPECUARIA DE GOIANESIA LTRODOVIA GO 080 KM 56,3                  ZONA RURAL     76380000GOIANESIA      GO0000000000000000                                                                       
1040001300123R 01000000000000000000000000000000000000000000000000220112018000000000000200                                                                                                                                                       
1040001300124P 0101298027300700000000000140000000000326861122032686          2012201800000000000750000000099N1806201822012201800000000000060000000000000000000000000000000000000000000000000000000032686                    3001029090000000000 
1040001300125Q 012002297711000103COOPERATIVA AGROPECUARIA DE GOIANESIA LTRODOVIA GO 080 KM 56,3                  ZONA RURAL     76380000GOIANESIA      GO0000000000000000                                                                       
1040001300126R 01000000000000000000000000000000000000000000000000220122018000000000000200                                                                                                                                                       
1040001300127P 0101298027300700000000000140000000000326871122032687          2001201900000000000750000000099N1806201822001201900000000000060000000000000000000000000000000000000000000000000000000032687                    3001029090000000000 
1040001300128Q 012002297711000103COOPERATIVA AGROPECUARIA DE GOIANESIA LTRODOVIA GO 080 KM 56,3                  ZONA RURAL     76380000GOIANESIA      GO0000000000000000                                                                       
1040001300129R 01000000000000000000000000000000000000000000000000220012019000000000000200                                                                                                                                                       
1040001300130P 0101298027300700000000000140000000000326881122032688          2002201900000000000750000000099N1806201822002201900000000000060000000000000000000000000000000000000000000000000000000032688                    3001029090000000000 
1040001300131Q 012002297711000103COOPERATIVA AGROPECUARIA DE GOIANESIA LTRODOVIA GO 080 KM 56,3                  ZONA RURAL     76380000GOIANESIA      GO0000000000000000                                                                       
1040001300132R 01000000000000000000000000000000000000000000000000220022019000000000000200                                                                                                                                                       
1040001300133P 0101298027300700000000000140000000000326891122032689          2003201900000000000750000000099N1806201822003201900000000000060000000000000000000000000000000000000000000000000000000032689                    3001029090000000000 
1040001300134Q 012002297711000103COOPERATIVA AGROPECUARIA DE GOIANESIA LTRODOVIA GO 080 KM 56,3                  ZONA RURAL     76380000GOIANESIA      GO0000000000000000                                                                       
1040001300135R 01000000000000000000000000000000000000000000000000220032019000000000000200                                                                                                                                                       
1040001300136P 0101298027300700000000000140000000000326901122032690          2004201900000000000750000000099N1806201822004201900000000000060000000000000000000000000000000000000000000000000000000032690                    3001029090000000000 
1040001300137Q 012002297711000103COOPERATIVA AGROPECUARIA DE GOIANESIA LTRODOVIA GO 080 KM 56,3                  ZONA RURAL     76380000GOIANESIA      GO0000000000000000                                                                       
1040001300138R 01000000000000000000000000000000000000000000000000220042019000000000000200                                                                                                                                                       
1040001300139P 0101298027300700000000000140000000000326911122032691          2005201900000000000750000000099N1806201822005201900000000000060000000000000000000000000000000000000000000000000000000032691                    3001029090000000000 
1040001300140Q 012002297711000103COOPERATIVA AGROPECUARIA DE GOIANESIA LTRODOVIA GO 080 KM 56,3                  ZONA RURAL     76380000GOIANESIA      GO0000000000000000                                                                       
1040001300141R 01000000000000000000000000000000000000000000000000220052019000000000000200                                                                                                                                                       
1040001300142P 0101298027300700000000000140000000000326921122032692          2006201900000000000750000000099N1806201822006201900000000000060000000000000000000000000000000000000000000000000000000032692                    3001029090000000000 
1040001300143Q 012002297711000103COOPERATIVA AGROPECUARIA DE GOIANESIA LTRODOVIA GO 080 KM 56,3                  ZONA RURAL     76380000GOIANESIA      GO0000000000000000                                                                       
1040001300144R 01000000000000000000000000000000000000000000000000220062019000000000000200                                                                                                                                                       
10400015         000146000048000000000002576400000000000000000000000000000000000000000000000                                                                                                                                                    
10499999         000001000148                                                                                                                                                                                                                   