10400000         2116559540001590000000000000000000001298027300700000000FEDERAL SISTEMAS              CAIXA ECONOMICA FEDERAL                 10506201820332300013005000000                    REMESSA-PRODUCAO                                 
10400011R0100030 20116559540001592730070000000000000001298027300700000000FEDERAL SISTEMAS                                                                                              000001300506201800000000                                 
1040001300001P 0101298027300700000000000140000000000315351122031535          0506201800000000001536000000099N0406201820506201800000000000060000000000000000000000000000000000000000000000000000000031535                    3001029090000000000 
1040001300002Q 011000061444510304FRANCISCO OMILSON BARBOSA DA SILVA      RUA WALTER POMPEU N°400 APT. 201 BLC. 6ALVARO WEYNE,  60337120FORTALEZA      CE0000000000000000                                                                       
1040001300003R 01000000000000000000000000000000000000000000000000205062018000000000000200                                                                                                                                                       
1040001300004P 0101298027300700000000000140000000000315421122031542          1006201800000000000891000000099N0406201821006201800000000000060000000000000000000000000000000000000000000000000000000031542                    3001029090000000000 
1040001300005Q 011000091935385968AMERICO LIMA DO AMARAL                  RUA ANA ANDREATTA MOCELIM NA°463                     83425000QUATRO BARRAS  PR0000000000000000                                                                       0
1040001300006R 01000000000000000000000000000000000000000000000000210062018000000000000200                                                                                                                                                       
1040001300007P 0101298027300700000000000140000000000315431122031543          1006201800000000000547000000099N0406201821006201800000000000060000000000000000000000000000000000000000000000000000000031543                    3001029090000000000 
1040001300008Q 011000009035870760JULIO CESAR TERRA SANTOS                RUA DA CONCEICAO                        CENTRO         24020087NITEROI        RJ0000000000000000                                                                       
1040001300009R 01000000000000000000000000000000000000000000000000210062018000000000000200                                                                                                                                                       
1040001300010P 0101298027300700000000000140000000000315441122031544          0506201800000000000305000000099N0406201820506201800000000000060000000000000000000000000000000000000000000000000000000031544                    3001029090000000000 
1040001300011Q 011000065838750120CARLEONE BARROZO LIMA                   RUA TRAVESSA DO COMERCIO CENTRO                        62168000UBAUNA (COREAU)CE0000000000000000                                                                       
1040001300012R 01000000000000000000000000000000000000000000000000205062018000000000000200                                                                                                                                                       
10400015         000014000004000000000000327900000000000000000000000000000000000000000000000                                                                                                                                                    
10499999         000001000016                                                                                                                                                                                                                   