10400000         2116559540001590000000000000000000001298027300700000000FEDERAL SISTEMAS              CAIXA ECONOMICA FEDERAL                 12305201807174800010705000000                    REMESSA-PRODUCAO                                 
10400011R0100030 20116559540001592730070000000000000001298027300700000000FEDERAL SISTEMAS                                                                                              000001072305201800000000                                 
1040001300001P 0101298027300700000000000140000000000312101122031210          1006201800000000002000000000099N1605201821006201800000000000060000000000000000000000000000000000000000000000000000000031210                    3001029090000000000 
1040001300002Q 012003306578003346ADUBOS ARAGUAIA IND. E COM. LTDA        AVENIDA BERNARDO SAYAO N. 604 QD. 27/28 CENTRO         76300000CERES          GO0000000000000000                                                                       
1040001300003R 01000000000000000000000000000000000000000000000000210062018000000000000200                                                                                                                                                       
1040001300004P 0101298027300700000000000140000000000312111122031211          1007201800000000002000000000099N1605201821007201800000000000060000000000000000000000000000000000000000000000000000000031211                    3001029090000000000 
1040001300005Q 012003306578003346ADUBOS ARAGUAIA IND. E COM. LTDA        AVENIDA BERNARDO SAYAO N. 604 QD. 27/28 CENTRO         76300000CERES          GO0000000000000000                                                                       
1040001300006R 01000000000000000000000000000000000000000000000000210072018000000000000200                                                                                                                                                       
1040001300007P 0101298027300700000000000140000000000312121122031212          1008201800000000002000000000099N1605201821008201800000000000060000000000000000000000000000000000000000000000000000000031212                    3001029090000000000 
1040001300008Q 012003306578003346ADUBOS ARAGUAIA IND. E COM. LTDA        AVENIDA BERNARDO SAYAO N. 604 QD. 27/28 CENTRO         76300000CERES          GO0000000000000000                                                                       
1040001300009R 01000000000000000000000000000000000000000000000000210082018000000000000200                                                                                                                                                       
1040001300010P 0101298027300700000000000140000000000312131122031213          1009201800000000002000000000099N1605201821009201800000000000060000000000000000000000000000000000000000000000000000000031213                    3001029090000000000 
1040001300011Q 012003306578003346ADUBOS ARAGUAIA IND. E COM. LTDA        AVENIDA BERNARDO SAYAO N. 604 QD. 27/28 CENTRO         76300000CERES          GO0000000000000000                                                                       
1040001300012R 01000000000000000000000000000000000000000000000000210092018000000000000200                                                                                                                                                       
1040001300013P 0101298027300700000000000140000000000312141122031214          1010201800000000002000000000099N1605201821010201800000000000060000000000000000000000000000000000000000000000000000000031214                    3001029090000000000 
1040001300014Q 012003306578003346ADUBOS ARAGUAIA IND. E COM. LTDA        AVENIDA BERNARDO SAYAO N. 604 QD. 27/28 CENTRO         76300000CERES          GO0000000000000000                                                                       
1040001300015R 01000000000000000000000000000000000000000000000000210102018000000000000200                                                                                                                                                       
1040001300016P 0101298027300700000000000140000000000312151122031215          1011201800000000002000000000099N1605201821011201800000000000060000000000000000000000000000000000000000000000000000000031215                    3001029090000000000 
1040001300017Q 012003306578003346ADUBOS ARAGUAIA IND. E COM. LTDA        AVENIDA BERNARDO SAYAO N. 604 QD. 27/28 CENTRO         76300000CERES          GO0000000000000000                                                                       
1040001300018R 01000000000000000000000000000000000000000000000000210112018000000000000200                                                                                                                                                       
1040001300019P 0101298027300700000000000140000000000312161122031216          1012201800000000002000000000099N1605201821012201800000000000060000000000000000000000000000000000000000000000000000000031216                    3001029090000000000 
1040001300020Q 012003306578003346ADUBOS ARAGUAIA IND. E COM. LTDA        AVENIDA BERNARDO SAYAO N. 604 QD. 27/28 CENTRO         76300000CERES          GO0000000000000000                                                                       
1040001300021R 01000000000000000000000000000000000000000000000000210122018000000000000200                                                                                                                                                       
1040001300022P 0101298027300700000000000140000000000312171122031217          1001201900000000002000000000099N1605201821001201900000000000060000000000000000000000000000000000000000000000000000000031217                    3001029090000000000 
1040001300023Q 012003306578003346ADUBOS ARAGUAIA IND. E COM. LTDA        AVENIDA BERNARDO SAYAO N. 604 QD. 27/28 CENTRO         76300000CERES          GO0000000000000000                                                                       
1040001300024R 01000000000000000000000000000000000000000000000000210012019000000000000200                                                                                                                                                       
1040001300025P 0101298027300700000000000140000000000312181122031218          1002201900000000002000000000099N1605201821002201900000000000060000000000000000000000000000000000000000000000000000000031218                    3001029090000000000 
1040001300026Q 012003306578003346ADUBOS ARAGUAIA IND. E COM. LTDA        AVENIDA BERNARDO SAYAO N. 604 QD. 27/28 CENTRO         76300000CERES          GO0000000000000000                                                                       
1040001300027R 01000000000000000000000000000000000000000000000000210022019000000000000200                                                                                                                                                       
1040001300028P 0101298027300700000000000140000000000312191122031219          1003201900000000002000000000099N1605201821003201900000000000060000000000000000000000000000000000000000000000000000000031219                    3001029090000000000 
1040001300029Q 012003306578003346ADUBOS ARAGUAIA IND. E COM. LTDA        AVENIDA BERNARDO SAYAO N. 604 QD. 27/28 CENTRO         76300000CERES          GO0000000000000000                                                                       
1040001300030R 01000000000000000000000000000000000000000000000000210032019000000000000200                                                                                                                                                       
1040001300031P 0101298027300700000000000140000000000312201122031220          1004201900000000002000000000099N1605201821004201900000000000060000000000000000000000000000000000000000000000000000000031220                    3001029090000000000 
1040001300032Q 012003306578003346ADUBOS ARAGUAIA IND. E COM. LTDA        AVENIDA BERNARDO SAYAO N. 604 QD. 27/28 CENTRO         76300000CERES          GO0000000000000000                                                                       
1040001300033R 01000000000000000000000000000000000000000000000000210042019000000000000200                                                                                                                                                       
1040001300034P 0101298027300700000000000140000000000312211122031221          1005201900000000002000000000099N1605201821005201900000000000060000000000000000000000000000000000000000000000000000000031221                    3001029090000000000 
1040001300035Q 012003306578003346ADUBOS ARAGUAIA IND. E COM. LTDA        AVENIDA BERNARDO SAYAO N. 604 QD. 27/28 CENTRO         76300000CERES          GO0000000000000000                                                                       
1040001300036R 01000000000000000000000000000000000000000000000000210052019000000000000200                                                                                                                                                       
1040001300037P 0101298027300700000000000140000000000312221122031222          2005201800000000000500000000099N1605201822005201800000000000060000000000000000000000000000000000000000000000000000000031222                    3001029090000000000 
1040001300038Q 012017640896000176M A SOUZA TRANSPORTES LTDA              RUA 18 N 67                             CENTRO         76380000GOIANESIA      GO0000000000000000                                                                       
1040001300039R 01000000000000000000000000000000000000000000000000220052018000000000000200                                                                                                                                                       
1040001300040P 0101298027300700000000000140000000000312231122031223          1805201800000000010000000000099N1605201821805201800000000000060000000000000000000000000000000000000000000000000000000031223                    3001029090000000000 
1040001300041Q 012015675064000160MAX PRODUTOS PARA FESTAS LTDA - ME      AV DA IGUALDADE                         SETOR GARAVELO 74930530APARECIDA DE GOGO0000000000000000                                                                       
1040001300042R 01000000000000000000000000000000000000000000000000218052018000000000000200                                                                                                                                                       
1040001300043P 0101298027300700000000000140000000000312241122031224          2006201800000000003300000000099N1605201822006201800000000000060000000000000000000000000000000000000000000000000000000031224                    3001029090000000000 
1040001300044Q 012015675064000160MAX PRODUTOS PARA FESTAS LTDA - ME      AV DA IGUALDADE                         SETOR GARAVELO 74930530APARECIDA DE GOGO0000000000000000                                                                       
1040001300045R 01000000000000000000000000000000000000000000000000220062018000000000000200                                                                                                                                                       
1040001300046P 0101298027300700000000000140000000000312251122031225          2007201800000000003300000000099N1605201822007201800000000000060000000000000000000000000000000000000000000000000000000031225                    3001029090000000000 
1040001300047Q 012015675064000160MAX PRODUTOS PARA FESTAS LTDA - ME      AV DA IGUALDADE                         SETOR GARAVELO 74930530APARECIDA DE GOGO0000000000000000                                                                       
1040001300048R 01000000000000000000000000000000000000000000000000220072018000000000000200                                                                                                                                                       
1040001300049P 0101298027300700000000000140000000000312261122031226          2008201800000000003300000000099N1605201822008201800000000000060000000000000000000000000000000000000000000000000000000031226                    3001029090000000000 
1040001300050Q 012015675064000160MAX PRODUTOS PARA FESTAS LTDA - ME      AV DA IGUALDADE                         SETOR GARAVELO 74930530APARECIDA DE GOGO0000000000000000                                                                       
1040001300051R 01000000000000000000000000000000000000000000000000220082018000000000000200                                                                                                                                                       
1040001300052P 0101298027300700000000000140000000000312271122031227          2009201800000000003300000000099N1605201822009201800000000000060000000000000000000000000000000000000000000000000000000031227                    3001029090000000000 
1040001300053Q 012015675064000160MAX PRODUTOS PARA FESTAS LTDA - ME      AV DA IGUALDADE                         SETOR GARAVELO 74930530APARECIDA DE GOGO0000000000000000                                                                       
1040001300054R 01000000000000000000000000000000000000000000000000220092018000000000000200                                                                                                                                                       
1040001300055P 0101298027300700000000000140000000000312281122031228          2010201800000000003300000000099N1605201822010201800000000000060000000000000000000000000000000000000000000000000000000031228                    3001029090000000000 
1040001300056Q 012015675064000160MAX PRODUTOS PARA FESTAS LTDA - ME      AV DA IGUALDADE                         SETOR GARAVELO 74930530APARECIDA DE GOGO0000000000000000                                                                       
1040001300057R 01000000000000000000000000000000000000000000000000220102018000000000000200                                                                                                                                                       
1040001300058P 0101298027300700000000000140000000000312291122031229          2011201800000000003300000000099N1605201822011201800000000000060000000000000000000000000000000000000000000000000000000031229                    3001029090000000000 
1040001300059Q 012015675064000160MAX PRODUTOS PARA FESTAS LTDA - ME      AV DA IGUALDADE                         SETOR GARAVELO 74930530APARECIDA DE GOGO0000000000000000                                                                       
1040001300060R 01000000000000000000000000000000000000000000000000220112018000000000000200                                                                                                                                                       
1040001300061P 0101298027300700000000000140000000000312301122031230          2012201800000000003300000000099N1605201822012201800000000000060000000000000000000000000000000000000000000000000000000031230                    3001029090000000000 
1040001300062Q 012015675064000160MAX PRODUTOS PARA FESTAS LTDA - ME      AV DA IGUALDADE                         SETOR GARAVELO 74930530APARECIDA DE GOGO0000000000000000                                                                       
1040001300063R 01000000000000000000000000000000000000000000000000220122018000000000000200                                                                                                                                                       
1040001300064P 0101298027300700000000000140000000000312311122031231          2001201900000000003300000000099N1605201822001201900000000000060000000000000000000000000000000000000000000000000000000031231                    3001029090000000000 
1040001300065Q 012015675064000160MAX PRODUTOS PARA FESTAS LTDA - ME      AV DA IGUALDADE                         SETOR GARAVELO 74930530APARECIDA DE GOGO0000000000000000                                                                       
1040001300066R 01000000000000000000000000000000000000000000000000220012019000000000000200                                                                                                                                                       
1040001300067P 0101298027300700000000000140000000000312321122031232          2002201900000000003300000000099N1605201822002201900000000000060000000000000000000000000000000000000000000000000000000031232                    3001029090000000000 
1040001300068Q 012015675064000160MAX PRODUTOS PARA FESTAS LTDA - ME      AV DA IGUALDADE                         SETOR GARAVELO 74930530APARECIDA DE GOGO0000000000000000                                                                       
1040001300069R 01000000000000000000000000000000000000000000000000220022019000000000000200                                                                                                                                                       
1040001300070P 0101298027300700000000000140000000000312331122031233          2003201900000000003300000000099N1605201822003201900000000000060000000000000000000000000000000000000000000000000000000031233                    3001029090000000000 
1040001300071Q 012015675064000160MAX PRODUTOS PARA FESTAS LTDA - ME      AV DA IGUALDADE                         SETOR GARAVELO 74930530APARECIDA DE GOGO0000000000000000                                                                       
1040001300072R 01000000000000000000000000000000000000000000000000220032019000000000000200                                                                                                                                                       
1040001300073P 0101298027300700000000000140000000000312341122031234          2004201900000000003300000000099N1605201822004201900000000000060000000000000000000000000000000000000000000000000000000031234                    3001029090000000000 
1040001300074Q 012015675064000160MAX PRODUTOS PARA FESTAS LTDA - ME      AV DA IGUALDADE                         SETOR GARAVELO 74930530APARECIDA DE GOGO0000000000000000                                                                       
1040001300075R 01000000000000000000000000000000000000000000000000220042019000000000000200                                                                                                                                                       
1040001300076P 0101298027300700000000000140000000000312351122031235          2005201900000000003300000000099N1605201822005201900000000000060000000000000000000000000000000000000000000000000000000031235                    3001029090000000000 
1040001300077Q 012015675064000160MAX PRODUTOS PARA FESTAS LTDA - ME      AV DA IGUALDADE                         SETOR GARAVELO 74930530APARECIDA DE GOGO0000000000000000                                                                       
1040001300078R 01000000000000000000000000000000000000000000000000220052019000000000000200                                                                                                                                                       
1040001300079P 0101298027300700000000000140000000000312361122031236          2005201800000000002500000000099N1605201822005201800000000000060000000000000000000000000000000000000000000000000000000031236                    3001029090000000000 
1040001300080Q 012024689421000130SAMARA MARIA DA SILVA - ME              R 5 NORTE                               SETOR OESTE    76385286GOIANESIA      GO0000000000000000                                                                       
1040001300081R 01000000000000000000000000000000000000000000000000220052018000000000000200                                                                                                                                                       
1040001300082P 0101298027300700000000000140000000000312371122031237          2006201800000000000590000000099N1605201822006201800000000000060000000000000000000000000000000000000000000000000000000031237                    3001029090000000000 
1040001300083Q 012024689421000130SAMARA MARIA DA SILVA - ME              R 5 NORTE                               SETOR OESTE    76385286GOIANESIA      GO0000000000000000                                                                       
1040001300084R 01000000000000000000000000000000000000000000000000220062018000000000000200                                                                                                                                                       
1040001300085P 0101298027300700000000000140000000000312381122031238          2007201800000000000590000000099N1605201822007201800000000000060000000000000000000000000000000000000000000000000000000031238                    3001029090000000000 
1040001300086Q 012024689421000130SAMARA MARIA DA SILVA - ME              R 5 NORTE                               SETOR OESTE    76385286GOIANESIA      GO0000000000000000                                                                       
1040001300087R 01000000000000000000000000000000000000000000000000220072018000000000000200                                                                                                                                                       
1040001300088P 0101298027300700000000000140000000000312391122031239          2008201800000000000590000000099N1605201822008201800000000000060000000000000000000000000000000000000000000000000000000031239                    3001029090000000000 
1040001300089Q 012024689421000130SAMARA MARIA DA SILVA - ME              R 5 NORTE                               SETOR OESTE    76385286GOIANESIA      GO0000000000000000                                                                       
1040001300090R 01000000000000000000000000000000000000000000000000220082018000000000000200                                                                                                                                                       
1040001300091P 0101298027300700000000000140000000000312401122031240          2009201800000000000590000000099N1605201822009201800000000000060000000000000000000000000000000000000000000000000000000031240                    3001029090000000000 
1040001300092Q 012024689421000130SAMARA MARIA DA SILVA - ME              R 5 NORTE                               SETOR OESTE    76385286GOIANESIA      GO0000000000000000                                                                       
1040001300093R 01000000000000000000000000000000000000000000000000220092018000000000000200                                                                                                                                                       
1040001300094P 0101298027300700000000000140000000000312411122031241          2010201800000000000590000000099N1605201822010201800000000000060000000000000000000000000000000000000000000000000000000031241                    3001029090000000000 
1040001300095Q 012024689421000130SAMARA MARIA DA SILVA - ME              R 5 NORTE                               SETOR OESTE    76385286GOIANESIA      GO0000000000000000                                                                       
1040001300096R 01000000000000000000000000000000000000000000000000220102018000000000000200                                                                                                                                                       
1040001300097P 0101298027300700000000000140000000000312421122031242          2011201800000000000590000000099N1605201822011201800000000000060000000000000000000000000000000000000000000000000000000031242                    3001029090000000000 
1040001300098Q 012024689421000130SAMARA MARIA DA SILVA - ME              R 5 NORTE                               SETOR OESTE    76385286GOIANESIA      GO0000000000000000                                                                       
1040001300099R 01000000000000000000000000000000000000000000000000220112018000000000000200                                                                                                                                                       
1040001300100P 0101298027300700000000000140000000000312431122031243          2012201800000000000590000000099N1605201822012201800000000000060000000000000000000000000000000000000000000000000000000031243                    3001029090000000000 
1040001300101Q 012024689421000130SAMARA MARIA DA SILVA - ME              R 5 NORTE                               SETOR OESTE    76385286GOIANESIA      GO0000000000000000                                                                       
1040001300102R 01000000000000000000000000000000000000000000000000220122018000000000000200                                                                                                                                                       
1040001300103P 0101298027300700000000000140000000000312441122031244          2001201900000000000590000000099N1605201822001201900000000000060000000000000000000000000000000000000000000000000000000031244                    3001029090000000000 
1040001300104Q 012024689421000130SAMARA MARIA DA SILVA - ME              R 5 NORTE                               SETOR OESTE    76385286GOIANESIA      GO0000000000000000                                                                       
1040001300105R 01000000000000000000000000000000000000000000000000220012019000000000000200                                                                                                                                                       
1040001300106P 0101298027300700000000000140000000000312451122031245          2002201900000000000590000000099N1605201822002201900000000000060000000000000000000000000000000000000000000000000000000031245                    3001029090000000000 
1040001300107Q 012024689421000130SAMARA MARIA DA SILVA - ME              R 5 NORTE                               SETOR OESTE    76385286GOIANESIA      GO0000000000000000                                                                       
1040001300108R 01000000000000000000000000000000000000000000000000220022019000000000000200                                                                                                                                                       
1040001300109P 0101298027300700000000000140000000000312461122031246          2003201900000000000590000000099N1605201822003201900000000000060000000000000000000000000000000000000000000000000000000031246                    3001029090000000000 
1040001300110Q 012024689421000130SAMARA MARIA DA SILVA - ME              R 5 NORTE                               SETOR OESTE    76385286GOIANESIA      GO0000000000000000                                                                       
1040001300111R 01000000000000000000000000000000000000000000000000220032019000000000000200                                                                                                                                                       
1040001300112P 0101298027300700000000000140000000000312471122031247          2004201900000000000590000000099N1605201822004201900000000000060000000000000000000000000000000000000000000000000000000031247                    3001029090000000000 
1040001300113Q 012024689421000130SAMARA MARIA DA SILVA - ME              R 5 NORTE                               SETOR OESTE    76385286GOIANESIA      GO0000000000000000                                                                       
1040001300114R 01000000000000000000000000000000000000000000000000220042019000000000000200                                                                                                                                                       
1040001300115P 0101298027300700000000000140000000000312481122031248          2005201900000000000590000000099N1605201822005201900000000000060000000000000000000000000000000000000000000000000000000031248                    3001029090000000000 
1040001300116Q 012024689421000130SAMARA MARIA DA SILVA - ME              R 5 NORTE                               SETOR OESTE    76385286GOIANESIA      GO0000000000000000                                                                       
1040001300117R 01000000000000000000000000000000000000000000000000220052019000000000000200                                                                                                                                                       
10400015         000119000039000000000008368000000000000000000000000000000000000000000000000                                                                                                                                                    
10499999         000001000121                                                                                                                                                                                                                   