10400000         2116559540001590000000000000000000001298027300700000000FEDERAL SISTEMAS              CAIXA ECONOMICA FEDERAL                 12305201807140600010505000000                    REMESSA-PRODUCAO                                 
10400011R0100030 20116559540001592730070000000000000001298027300700000000FEDERAL SISTEMAS                                                                                              000001052305201800000000                                 
1040001300001P 0101298027300700000000000140000000000311801122031180          2006201800000000000590000000099N1405201822006201800000000000060000000000000000000000000000000000000000000000000000000031180                    3001029090000000000 
1040001300002Q 012024350887000106AJ DA SILVA - SERVICOS - ME             RUA JOSE CARRILHO                       CENTRO         76380000GOIANESIA      GO0000000000000000                                                                       
1040001300003R 01000000000000000000000000000000000000000000000000220062018000000000000200                                                                                                                                                       
1040001300004P 0101298027300700000000000140000000000311811122031181          2007201800000000000590000000099N1405201822007201800000000000060000000000000000000000000000000000000000000000000000000031181                    3001029090000000000 
1040001300005Q 012024350887000106AJ DA SILVA - SERVICOS - ME             RUA JOSE CARRILHO                       CENTRO         76380000GOIANESIA      GO0000000000000000                                                                       
1040001300006R 01000000000000000000000000000000000000000000000000220072018000000000000200                                                                                                                                                       
1040001300007P 0101298027300700000000000140000000000311821122031182          2008201800000000000590000000099N1405201822008201800000000000060000000000000000000000000000000000000000000000000000000031182                    3001029090000000000 
1040001300008Q 012024350887000106AJ DA SILVA - SERVICOS - ME             RUA JOSE CARRILHO                       CENTRO         76380000GOIANESIA      GO0000000000000000                                                                       
1040001300009R 01000000000000000000000000000000000000000000000000220082018000000000000200                                                                                                                                                       
1040001300010P 0101298027300700000000000140000000000311831122031183          2009201800000000000590000000099N1405201822009201800000000000060000000000000000000000000000000000000000000000000000000031183                    3001029090000000000 
1040001300011Q 012024350887000106AJ DA SILVA - SERVICOS - ME             RUA JOSE CARRILHO                       CENTRO         76380000GOIANESIA      GO0000000000000000                                                                       
1040001300012R 01000000000000000000000000000000000000000000000000220092018000000000000200                                                                                                                                                       
1040001300013P 0101298027300700000000000140000000000311841122031184          2010201800000000000590000000099N1405201822010201800000000000060000000000000000000000000000000000000000000000000000000031184                    3001029090000000000 
1040001300014Q 012024350887000106AJ DA SILVA - SERVICOS - ME             RUA JOSE CARRILHO                       CENTRO         76380000GOIANESIA      GO0000000000000000                                                                       
1040001300015R 01000000000000000000000000000000000000000000000000220102018000000000000200                                                                                                                                                       
1040001300016P 0101298027300700000000000140000000000311851122031185          2011201800000000000590000000099N1405201822011201800000000000060000000000000000000000000000000000000000000000000000000031185                    3001029090000000000 
1040001300017Q 012024350887000106AJ DA SILVA - SERVICOS - ME             RUA JOSE CARRILHO                       CENTRO         76380000GOIANESIA      GO0000000000000000                                                                       
1040001300018R 01000000000000000000000000000000000000000000000000220112018000000000000200                                                                                                                                                       
1040001300019P 0101298027300700000000000140000000000311861122031186          2012201800000000000590000000099N1405201822012201800000000000060000000000000000000000000000000000000000000000000000000031186                    3001029090000000000 
1040001300020Q 012024350887000106AJ DA SILVA - SERVICOS - ME             RUA JOSE CARRILHO                       CENTRO         76380000GOIANESIA      GO0000000000000000                                                                       
1040001300021R 01000000000000000000000000000000000000000000000000220122018000000000000200                                                                                                                                                       
1040001300022P 0101298027300700000000000140000000000311871122031187          2001201900000000000590000000099N1405201822001201900000000000060000000000000000000000000000000000000000000000000000000031187                    3001029090000000000 
1040001300023Q 012024350887000106AJ DA SILVA - SERVICOS - ME             RUA JOSE CARRILHO                       CENTRO         76380000GOIANESIA      GO0000000000000000                                                                       
1040001300024R 01000000000000000000000000000000000000000000000000220012019000000000000200                                                                                                                                                       
1040001300025P 0101298027300700000000000140000000000311881122031188          2002201900000000000590000000099N1405201822002201900000000000060000000000000000000000000000000000000000000000000000000031188                    3001029090000000000 
1040001300026Q 012024350887000106AJ DA SILVA - SERVICOS - ME             RUA JOSE CARRILHO                       CENTRO         76380000GOIANESIA      GO0000000000000000                                                                       
1040001300027R 01000000000000000000000000000000000000000000000000220022019000000000000200                                                                                                                                                       
1040001300028P 0101298027300700000000000140000000000311891122031189          2003201900000000000590000000099N1405201822003201900000000000060000000000000000000000000000000000000000000000000000000031189                    3001029090000000000 
1040001300029Q 012024350887000106AJ DA SILVA - SERVICOS - ME             RUA JOSE CARRILHO                       CENTRO         76380000GOIANESIA      GO0000000000000000                                                                       
1040001300030R 01000000000000000000000000000000000000000000000000220032019000000000000200                                                                                                                                                       
1040001300031P 0101298027300700000000000140000000000311901122031190          2004201900000000000590000000099N1405201822004201900000000000060000000000000000000000000000000000000000000000000000000031190                    3001029090000000000 
1040001300032Q 012024350887000106AJ DA SILVA - SERVICOS - ME             RUA JOSE CARRILHO                       CENTRO         76380000GOIANESIA      GO0000000000000000                                                                       
1040001300033R 01000000000000000000000000000000000000000000000000220042019000000000000200                                                                                                                                                       
1040001300034P 0101298027300700000000000140000000000311911122031191          2005201900000000000590000000099N1405201822005201900000000000060000000000000000000000000000000000000000000000000000000031191                    3001029090000000000 
1040001300035Q 012024350887000106AJ DA SILVA - SERVICOS - ME             RUA JOSE CARRILHO                       CENTRO         76380000GOIANESIA      GO0000000000000000                                                                       
1040001300036R 01000000000000000000000000000000000000000000000000220052019000000000000200                                                                                                                                                       
1040001300037P 0101298027300700000000000140000000000311921122031192          3005201800000000002500000000099N1405201823005201800000000000060000000000000000000000000000000000000000000000000000000031192                    3001029090000000000 
1040001300038Q 012024350887000106AJ DA SILVA - SERVICOS - ME             RUA JOSE CARRILHO                       CENTRO         76380000GOIANESIA      GO0000000000000000                                                                       
1040001300039R 01000000000000000000000000000000000000000000000000230052018000000000000200                                                                                                                                                       
1040001300040P 0101298027300700000000000140000000000311941122031194          1206201800000000003300000000099N1405201821206201800000000000060000000000000000000000000000000000000000000000000000000031194                    3001029090000000000 
1040001300041Q 012029858597000191WONDER PRODUTOS PARA FESTAS LTDA        AV PARA                                 SETOR CENTRAL  77403010GURUPI         TO0000000000000000                                                                       
1040001300042R 01000000000000000000000000000000000000000000000000212062018000000000000200                                                                                                                                                       
1040001300043P 0101298027300700000000000140000000000311951122031195          1207201800000000003300000000099N1405201821207201800000000000060000000000000000000000000000000000000000000000000000000031195                    3001029090000000000 
1040001300044Q 012029858597000191WONDER PRODUTOS PARA FESTAS LTDA        AV PARA                                 SETOR CENTRAL  77403010GURUPI         TO0000000000000000                                                                       
1040001300045R 01000000000000000000000000000000000000000000000000212072018000000000000200                                                                                                                                                       
1040001300046P 0101298027300700000000000140000000000311961122031196          1208201800000000003300000000099N1405201821208201800000000000060000000000000000000000000000000000000000000000000000000031196                    3001029090000000000 
1040001300047Q 012029858597000191WONDER PRODUTOS PARA FESTAS LTDA        AV PARA                                 SETOR CENTRAL  77403010GURUPI         TO0000000000000000                                                                       
1040001300048R 01000000000000000000000000000000000000000000000000212082018000000000000200                                                                                                                                                       
1040001300049P 0101298027300700000000000140000000000311971122031197          1209201800000000003300000000099N1405201821209201800000000000060000000000000000000000000000000000000000000000000000000031197                    3001029090000000000 
1040001300050Q 012029858597000191WONDER PRODUTOS PARA FESTAS LTDA        AV PARA                                 SETOR CENTRAL  77403010GURUPI         TO0000000000000000                                                                       
1040001300051R 01000000000000000000000000000000000000000000000000212092018000000000000200                                                                                                                                                       
1040001300052P 0101298027300700000000000140000000000311981122031198          1210201800000000003300000000099N1405201821210201800000000000060000000000000000000000000000000000000000000000000000000031198                    3001029090000000000 
1040001300053Q 012029858597000191WONDER PRODUTOS PARA FESTAS LTDA        AV PARA                                 SETOR CENTRAL  77403010GURUPI         TO0000000000000000                                                                       
1040001300054R 01000000000000000000000000000000000000000000000000212102018000000000000200                                                                                                                                                       
1040001300055P 0101298027300700000000000140000000000311991122031199          1211201800000000003300000000099N1405201821211201800000000000060000000000000000000000000000000000000000000000000000000031199                    3001029090000000000 
1040001300056Q 012029858597000191WONDER PRODUTOS PARA FESTAS LTDA        AV PARA                                 SETOR CENTRAL  77403010GURUPI         TO0000000000000000                                                                       
1040001300057R 01000000000000000000000000000000000000000000000000212112018000000000000200                                                                                                                                                       
1040001300058P 0101298027300700000000000140000000000312001122031200          1212201800000000003300000000099N1405201821212201800000000000060000000000000000000000000000000000000000000000000000000031200                    3001029090000000000 
1040001300059Q 012029858597000191WONDER PRODUTOS PARA FESTAS LTDA        AV PARA                                 SETOR CENTRAL  77403010GURUPI         TO0000000000000000                                                                       
1040001300060R 01000000000000000000000000000000000000000000000000212122018000000000000200                                                                                                                                                       
1040001300061P 0101298027300700000000000140000000000312011122031201          1201201900000000003300000000099N1405201821201201900000000000060000000000000000000000000000000000000000000000000000000031201                    3001029090000000000 
1040001300062Q 012029858597000191WONDER PRODUTOS PARA FESTAS LTDA        AV PARA                                 SETOR CENTRAL  77403010GURUPI         TO0000000000000000                                                                       
1040001300063R 01000000000000000000000000000000000000000000000000212012019000000000000200                                                                                                                                                       
1040001300064P 0101298027300700000000000140000000000312021122031202          1202201900000000003300000000099N1405201821202201900000000000060000000000000000000000000000000000000000000000000000000031202                    3001029090000000000 
1040001300065Q 012029858597000191WONDER PRODUTOS PARA FESTAS LTDA        AV PARA                                 SETOR CENTRAL  77403010GURUPI         TO0000000000000000                                                                       
1040001300066R 01000000000000000000000000000000000000000000000000212022019000000000000200                                                                                                                                                       
1040001300067P 0101298027300700000000000140000000000312031122031203          1203201900000000003300000000099N1405201821203201900000000000060000000000000000000000000000000000000000000000000000000031203                    3001029090000000000 
1040001300068Q 012029858597000191WONDER PRODUTOS PARA FESTAS LTDA        AV PARA                                 SETOR CENTRAL  77403010GURUPI         TO0000000000000000                                                                       
1040001300069R 01000000000000000000000000000000000000000000000000212032019000000000000200                                                                                                                                                       
1040001300070P 0101298027300700000000000140000000000312041122031204          1204201900000000003300000000099N1405201821204201900000000000060000000000000000000000000000000000000000000000000000000031204                    3001029090000000000 
1040001300071Q 012029858597000191WONDER PRODUTOS PARA FESTAS LTDA        AV PARA                                 SETOR CENTRAL  77403010GURUPI         TO0000000000000000                                                                       
1040001300072R 01000000000000000000000000000000000000000000000000212042019000000000000200                                                                                                                                                       
1040001300073P 0101298027300700000000000140000000000312051122031205          1205201900000000003300000000099N1405201821205201900000000000060000000000000000000000000000000000000000000000000000000031205                    3001029090000000000 
1040001300074Q 012029858597000191WONDER PRODUTOS PARA FESTAS LTDA        AV PARA                                 SETOR CENTRAL  77403010GURUPI         TO0000000000000000                                                                       
1040001300075R 01000000000000000000000000000000000000000000000000212052019000000000000200                                                                                                                                                       
10400015         000077000025000000000004918000000000000000000000000000000000000000000000000                                                                                                                                                    
10499999         000001000079                                                                                                                                                                                                                   