10400000         2116559540001590000000000000000000001298027300700000000FEDERAL SISTEMAS              CAIXA ECONOMICA FEDERAL                 11005201806542300008805000000                    REMESSA-PRODUCAO                                 
10400011R0100030 20116559540001592730070000000000000001298027300700000000FEDERAL SISTEMAS                                                                                              000000881005201800000000                                 
1040001300001P 0101298027300700000000000140000000000297001122029700          2005201800000000000590000000099N2404201822005201800000000000060000000000000000000000000000000000000000000000000000000029700                    3001090090000000000 
1040001300002Q 012012021488000112VALDIMUNDO DINIZ PEIXOTO JUNIOR         RUA 8 N 123                             GOUGAINVILLE   76380000GOIANESIA      GO0000000000000000                                                                       
1040001300003R 01000000000000000000000000000000000000000000000000220052018000000000000200                                                                                                                                                       
1040001300004P 0101298027300700000000000140000000000297011122029701          2006201800000000000590000000099N2404201822006201800000000000060000000000000000000000000000000000000000000000000000000029701                    3001090090000000000 
1040001300005Q 012012021488000112VALDIMUNDO DINIZ PEIXOTO JUNIOR         RUA 8 N 123                             GOUGAINVILLE   76380000GOIANESIA      GO0000000000000000                                                                       
1040001300006R 01000000000000000000000000000000000000000000000000220062018000000000000200                                                                                                                                                       
1040001300007P 0101298027300700000000000140000000000297021122029702          2007201800000000000590000000099N2404201822007201800000000000060000000000000000000000000000000000000000000000000000000029702                    3001090090000000000 
1040001300008Q 012012021488000112VALDIMUNDO DINIZ PEIXOTO JUNIOR         RUA 8 N 123                             GOUGAINVILLE   76380000GOIANESIA      GO0000000000000000                                                                       
1040001300009R 01000000000000000000000000000000000000000000000000220072018000000000000200                                                                                                                                                       
1040001300010P 0101298027300700000000000140000000000297031122029703          2008201800000000000590000000099N2404201822008201800000000000060000000000000000000000000000000000000000000000000000000029703                    3001090090000000000 
1040001300011Q 012012021488000112VALDIMUNDO DINIZ PEIXOTO JUNIOR         RUA 8 N 123                             GOUGAINVILLE   76380000GOIANESIA      GO0000000000000000                                                                       
1040001300012R 01000000000000000000000000000000000000000000000000220082018000000000000200                                                                                                                                                       
1040001300013P 0101298027300700000000000140000000000297041122029704          2009201800000000000590000000099N2404201822009201800000000000060000000000000000000000000000000000000000000000000000000029704                    3001090090000000000 
1040001300014Q 012012021488000112VALDIMUNDO DINIZ PEIXOTO JUNIOR         RUA 8 N 123                             GOUGAINVILLE   76380000GOIANESIA      GO0000000000000000                                                                       
1040001300015R 01000000000000000000000000000000000000000000000000220092018000000000000200                                                                                                                                                       
1040001300016P 0101298027300700000000000140000000000297051122029705          2010201800000000000590000000099N2404201822010201800000000000060000000000000000000000000000000000000000000000000000000029705                    3001090090000000000 
1040001300017Q 012012021488000112VALDIMUNDO DINIZ PEIXOTO JUNIOR         RUA 8 N 123                             GOUGAINVILLE   76380000GOIANESIA      GO0000000000000000                                                                       
1040001300018R 01000000000000000000000000000000000000000000000000220102018000000000000200                                                                                                                                                       
1040001300019P 0101298027300700000000000140000000000297061122029706          2011201800000000000590000000099N2404201822011201800000000000060000000000000000000000000000000000000000000000000000000029706                    3001090090000000000 
1040001300020Q 012012021488000112VALDIMUNDO DINIZ PEIXOTO JUNIOR         RUA 8 N 123                             GOUGAINVILLE   76380000GOIANESIA      GO0000000000000000                                                                       
1040001300021R 01000000000000000000000000000000000000000000000000220112018000000000000200                                                                                                                                                       
1040001300022P 0101298027300700000000000140000000000297071122029707          2012201800000000000590000000099N2404201822012201800000000000060000000000000000000000000000000000000000000000000000000029707                    3001090090000000000 
1040001300023Q 012012021488000112VALDIMUNDO DINIZ PEIXOTO JUNIOR         RUA 8 N 123                             GOUGAINVILLE   76380000GOIANESIA      GO0000000000000000                                                                       
1040001300024R 01000000000000000000000000000000000000000000000000220122018000000000000200                                                                                                                                                       
1040001300025P 0101298027300700000000000140000000000297091122029709          2005201800000000000590000000099N2404201822005201800000000000060000000000000000000000000000000000000000000000000000000029709                    3001090090000000000 
1040001300026Q 012017412077000171TAINAN GOULART LIMA - ME                RUA 29                                  SETOR SUL      76380000GOIANESIA      GO0000000000000000                                                                       
1040001300027R 01000000000000000000000000000000000000000000000000220052018000000000000200                                                                                                                                                       
1040001300028P 0101298027300700000000000140000000000297101122029710          2006201800000000000590000000099N2404201822006201800000000000060000000000000000000000000000000000000000000000000000000029710                    3001090090000000000 
1040001300029Q 012017412077000171TAINAN GOULART LIMA - ME                RUA 29                                  SETOR SUL      76380000GOIANESIA      GO0000000000000000                                                                       
1040001300030R 01000000000000000000000000000000000000000000000000220062018000000000000200                                                                                                                                                       
1040001300031P 0101298027300700000000000140000000000297111122029711          2007201800000000000590000000099N2404201822007201800000000000060000000000000000000000000000000000000000000000000000000029711                    3001090090000000000 
1040001300032Q 012017412077000171TAINAN GOULART LIMA - ME                RUA 29                                  SETOR SUL      76380000GOIANESIA      GO0000000000000000                                                                       
1040001300033R 01000000000000000000000000000000000000000000000000220072018000000000000200                                                                                                                                                       
1040001300034P 0101298027300700000000000140000000000297121122029712          2008201800000000000590000000099N2404201822008201800000000000060000000000000000000000000000000000000000000000000000000029712                    3001090090000000000 
1040001300035Q 012017412077000171TAINAN GOULART LIMA - ME                RUA 29                                  SETOR SUL      76380000GOIANESIA      GO0000000000000000                                                                       
1040001300036R 01000000000000000000000000000000000000000000000000220082018000000000000200                                                                                                                                                       
1040001300037P 0101298027300700000000000140000000000297131122029713          2009201800000000000590000000099N2404201822009201800000000000060000000000000000000000000000000000000000000000000000000029713                    3001090090000000000 
1040001300038Q 012017412077000171TAINAN GOULART LIMA - ME                RUA 29                                  SETOR SUL      76380000GOIANESIA      GO0000000000000000                                                                       
1040001300039R 01000000000000000000000000000000000000000000000000220092018000000000000200                                                                                                                                                       
1040001300040P 0101298027300700000000000140000000000297141122029714          2010201800000000000590000000099N2404201822010201800000000000060000000000000000000000000000000000000000000000000000000029714                    3001090090000000000 
1040001300041Q 012017412077000171TAINAN GOULART LIMA - ME                RUA 29                                  SETOR SUL      76380000GOIANESIA      GO0000000000000000                                                                       
1040001300042R 01000000000000000000000000000000000000000000000000220102018000000000000200                                                                                                                                                       
1040001300043P 0101298027300700000000000140000000000297151122029715          2011201800000000000590000000099N2404201822011201800000000000060000000000000000000000000000000000000000000000000000000029715                    3001090090000000000 
1040001300044Q 012017412077000171TAINAN GOULART LIMA - ME                RUA 29                                  SETOR SUL      76380000GOIANESIA      GO0000000000000000                                                                       
1040001300045R 01000000000000000000000000000000000000000000000000220112018000000000000200                                                                                                                                                       
10400015         000047000015000000000000885000000000000000000000000000000000000000000000000                                                                                                                                                    
10499999         000001000049                                                                                                                                                                                                                   