10400000         2116559540001590000000000000000000001298027300700000000FEDERAL SISTEMAS              CAIXA ECONOMICA FEDERAL                 12003201817051400004305000000                    REMESSA-PRODUCAO                                 
10400011R0100030 20116559540001592730070000000000000001298027300700000000FEDERAL SISTEMAS                                                                                              000000432003201800000000                                 
1040001300001P 0101298027300700000000000140000000000277851122027785          1004201800000000000801900000099N1603201821004201800000000000060000000000000000000000000000000000000000000000000000000027785                    3001090090000000000 
1040001300002Q 011000030499674715JESUE SIQUEIRA LOPES                    RUA ARTHUR GERONASSO                    BOA VISTA      82560500CURITIBA       PR0000000000000000                                                                       
1040001300003R 01000000000000000000000000000000000000000000000000210042018000000000000200                                                                                                                                                       
1040001300004P 0101298027300700000000000140000000000277861122027786          2003201800000000008500000000099N1603201822003201800000000000060000000000000000000000000000000000000000000000000000000027786                    3001090090000000000 
1040001300005Q 012012009318000112JC E W TRANSPORTES LTDA - ME            RUA 03 N 539                            AMIGO          76380000GOIANESIA     GO0000000000000000                                                                       0
1040001300006R 01000000000000000000000000000000000000000000000000220032018000000000000200                                                                                                                                                       
10400015         000008000002000000000000930190000000000000000000000000000000000000000000000                                                                                                                                                    
10499999         000001000010                                                                                                                                                                                                                   