10400000         2116559540001590000000000000000000001298027300700000000FEDERAL SISTEMAS              CAIXA ECONOMICA FEDERAL                 11207201809083100015005000000                    REMESSA-PRODUCAO                                 
10400011R0100030 20116559540001592730070000000000000001298027300700000000FEDERAL SISTEMAS                                                                                              000001501207201800000000                                 
1040001300001P 01012980273007000000000001400000000000058211220582            1712201500000000000615000000099N09072017217122015000000000000600000000000000000000000000000000000000000000000000000000582                      3001029090000000000 
1040001300002Q 012018765152000140CAMILA REGO DA SILVA ARAGAO ME          RUA JOAO MARTINS DO REGO                SANTA ISABEL   64053120TERESINA       PI0000000000000000                                                                       
1040001300003R 01000000000000000000000000000000000000000000000000217122015000000000000200                                                                                                                                                       
1040001300004P 010129802730070000000000014000000000002997112202997           2812201500000000028813000000099N090720172281220150000000000006000000000000000000000000000000000000000000000000000000002997                     3001029090000000000 
1040001300005Q 012018765152000140CAMILA REGO DA SILVA ARAGAO ME          RUA JOAO MARTINS DO REGO                SANTA ISABEL   64053120TERESINA       PI0000000000000000                                                                       
1040001300006R 01000000000000000000000000000000000000000000000000228122015000000000000200                                                                                                                                                       
1040001300007P 010129802730070000000000014000000000002998112202998           2812201500000000028813000000099N090720172281220150000000000006000000000000000000000000000000000000000000000000000000002998                     3001029090000000000 
1040001300008Q 012018765152000140CAMILA REGO DA SILVA ARAGAO ME          RUA JOAO MARTINS DO REGO                SANTA ISABEL   64053120TERESINA       PI0000000000000000                                                                       
1040001300009R 01000000000000000000000000000000000000000000000000228122015000000000000200                                                                                                                                                       
1040001300010P 010129802730070000000000014000000000003733112203733           2801201600000000031821000000099N090720172280120160000000000006000000000000000000000000000000000000000000000000000000003733                     3001029090000000000 
1040001300011Q 012018765152000140CAMILA REGO DA SILVA ARAGAO ME          RUA JOAO MARTINS DO REGO                SANTA ISABEL   64053120TERESINA       PI0000000000000000                                                                       
1040001300012R 01000000000000000000000000000000000000000000000000228012016000000000000200                                                                                                                                                       
1040001300013P 010129802730070000000000014000000000004733112204733           2802201600000000034621000000099N090720172280220160000000000006000000000000000000000000000000000000000000000000000000004733                     3001029090000000000 
1040001300014Q 012018765152000140CAMILA REGO DA SILVA ARAGAO ME          RUA JOAO MARTINS DO REGO                SANTA ISABEL   64053120TERESINA       PI0000000000000000                                                                       
1040001300015R 01000000000000000000000000000000000000000000000000228022016000000000000200                                                                                                                                                       
1040001300016P 010129802730070000000000014000000000005046112205046           2103201600000000034621000000099N090720172210320160000000000006000000000000000000000000000000000000000000000000000000005046                     3001029090000000000 
1040001300017Q 012018765152000140CAMILA REGO DA SILVA ARAGAO ME          RUA JOAO MARTINS DO REGO                SANTA ISABEL   64053120TERESINA       PI0000000000000000                                                                       
1040001300018R 01000000000000000000000000000000000000000000000000221032016000000000000200                                                                                                                                                       
1040001300019P 010129802730070000000000014000000000005511112205511           2004201600000000034522000000099N090720172200420160000000000006000000000000000000000000000000000000000000000000000000005511                     3001029090000000000 
1040001300020Q 012018765152000140CAMILA REGO DA SILVA ARAGAO ME          RUA JOAO MARTINS DO REGO                SANTA ISABEL   64053120TERESINA       PI0000000000000000                                                                       
1040001300021R 01000000000000000000000000000000000000000000000000220042016000000000000200                                                                                                                                                       
1040001300022P 010129802730070000000000014000000000006067112206067           2005201600000000017310500000099N090720172200520160000000000006000000000000000000000000000000000000000000000000000000006067                     3001029090000000000 
1040001300023Q 012018765152000140CAMILA REGO DA SILVA ARAGAO ME          RUA JOAO MARTINS DO REGO                SANTA ISABEL   64053120TERESINA       PI0000000000000000                                                                       
1040001300024R 01000000000000000000000000000000000000000000000000220052016000000000000200                                                                                                                                                       
1040001300025P 010129802730070000000000014000000000006444112206444           3005201600000000017310500000099N090720172300520160000000000006000000000000000000000000000000000000000000000000000000006444                     3001029090000000000 
1040001300026Q 012018765152000140CAMILA REGO DA SILVA ARAGAO ME          RUA JOAO MARTINS DO REGO                SANTA ISABEL   64053120TERESINA       PI0000000000000000                                                                       
1040001300027R 01000000000000000000000000000000000000000000000000230052016000000000000200                                                                                                                                                       
1040001300028P 010129802730070000000000014000000000006694112206694           1506201600000000027621000000099N090720172150620160000000000006000000000000000000000000000000000000000000000000000000006694                     3001029090000000000 
1040001300029Q 012018765152000140CAMILA REGO DA SILVA ARAGAO ME          RUA JOAO MARTINS DO REGO                SANTA ISABEL   64053120TERESINA       PI0000000000000000                                                                       
1040001300030R 01000000000000000000000000000000000000000000000000215062016000000000000200                                                                                                                                                       
1040001300031P 010129802730070000000000014000000000007078112207078           2007201600000000017310500000099N090720172200720160000000000006000000000000000000000000000000000000000000000000000000007078                     3001029090000000000 
1040001300032Q 012018765152000140CAMILA REGO DA SILVA ARAGAO ME          RUA JOAO MARTINS DO REGO                SANTA ISABEL   64053120TERESINA       PI0000000000000000                                                                       
1040001300033R 01000000000000000000000000000000000000000000000000220072016000000000000200                                                                                                                                                       
1040001300034P 010129802730070000000000014000000000007209112207209           2907201600000000017310500000099N090720172290720160000000000006000000000000000000000000000000000000000000000000000000007209                     3001029090000000000 
1040001300035Q 012018765152000140CAMILA REGO DA SILVA ARAGAO ME          RUA JOAO MARTINS DO REGO                SANTA ISABEL   64053120TERESINA       PI0000000000000000                                                                       
1040001300036R 01000000000000000000000000000000000000000000000000229072016000000000000200                                                                                                                                                       
1040001300037P 010129802730070000000000014000000000007676112207676           2008201600000000017310500000099N090720172200820160000000000006000000000000000000000000000000000000000000000000000000007676                     3001029090000000000 
1040001300038Q 012018765152000140CAMILA REGO DA SILVA ARAGAO ME          RUA JOAO MARTINS DO REGO                SANTA ISABEL   64053120TERESINA       PI0000000000000000                                                                       
1040001300039R 01000000000000000000000000000000000000000000000000220082016000000000000200                                                                                                                                                       
1040001300040P 010129802730070000000000014000000000007946112207946           3008201600000000017310500000099N090720172300820160000000000006000000000000000000000000000000000000000000000000000000007946                     3001029090000000000 
1040001300041Q 012018765152000140CAMILA REGO DA SILVA ARAGAO ME          RUA JOAO MARTINS DO REGO                SANTA ISABEL   64053120TERESINA       PI0000000000000000                                                                       
1040001300042R 01000000000000000000000000000000000000000000000000230082016000000000000200                                                                                                                                                       
1040001300043P 010129802730070000000000014000000000008165112208165           2009201600000000017764200000099N090720172200920160000000000006000000000000000000000000000000000000000000000000000000008165                     3001029090000000000 
1040001300044Q 012018765152000140CAMILA REGO DA SILVA ARAGAO ME          RUA JOAO MARTINS DO REGO                SANTA ISABEL   64053120TERESINA       PI0000000000000000                                                                       
1040001300045R 01000000000000000000000000000000000000000000000000220092016000000000000200                                                                                                                                                       
1040001300046P 010129802730070000000000014000000000008575112208575           0409201600000000016031800000099N090720172040920160000000000006000000000000000000000000000000000000000000000000000000008575                     3001029090000000000 
1040001300047Q 012018765152000140CAMILA REGO DA SILVA ARAGAO ME          RUA JOAO MARTINS DO REGO                SANTA ISABEL   64053120TERESINA       PI0000000000000000                                                                       
1040001300048R 01000000000000000000000000000000000000000000000000204092016000000000000200                                                                                                                                                       
1040001300049P 010129802730070000000000014000000000008741112208741           2610201600000000018845000000099N090720172261020160000000000006000000000000000000000000000000000000000000000000000000008741                     3001029090000000000 
1040001300050Q 012018765152000140CAMILA REGO DA SILVA ARAGAO ME          RUA JOAO MARTINS DO REGO                SANTA ISABEL   64053120TERESINA       PI0000000000000000                                                                       
1040001300051R 01000000000000000000000000000000000000000000000000226102016000000000000200                                                                                                                                                       
1040001300052P 010129802730070000000000014000000000009285112209285           3110201600000000008845000000099N090720172311020160000000000006000000000000000000000000000000000000000000000000000000009285                     3001029090000000000 
1040001300053Q 012018765152000140CAMILA REGO DA SILVA ARAGAO ME          RUA JOAO MARTINS DO REGO                SANTA ISABEL   64053120TERESINA       PI0000000000000000                                                                       
1040001300054R 01000000000000000000000000000000000000000000000000231102016000000000000200                                                                                                                                                       
1040001300055P 010129802730070000000000014000000000009456112209456           1011201600000000030690000000099N090720172101120160000000000006000000000000000000000000000000000000000000000000000000009456                     3001029090000000000 
1040001300056Q 012018765152000140CAMILA REGO DA SILVA ARAGAO ME          RUA JOAO MARTINS DO REGO                SANTA ISABEL   64053120TERESINA       PI0000000000000000                                                                       
1040001300057R 01000000000000000000000000000000000000000000000000210112016000000000000200                                                                                                                                                       
1040001300058P 0101298027300700000000000140000000000108731122010873          1012201600000000030690000000099N0907201721012201600000000000060000000000000000000000000000000000000000000000000000000010873                    3001029090000000000 
1040001300059Q 012018765152000140CAMILA REGO DA SILVA ARAGAO ME          RUA JOAO MARTINS DO REGO                SANTA ISABEL   64053120TERESINA       PI0000000000000000                                                                       
1040001300060R 01000000000000000000000000000000000000000000000000210122016000000000000200                                                                                                                                                       
1040001300061P 0101298027300700000000000140000000000113681122011368          2003201700000000000475000000099N0907201722003201700000000000060000000000000000000000000000000000000000000000000000000011368                    3001029090000000000 
1040001300062Q 012018765152000140CAMILA REGO DA SILVA ARAGAO ME          RUA JOAO MARTINS DO REGO                SANTA ISABEL   64053120TERESINA       PI0000000000000000                                                                       
1040001300063R 01000000000000000000000000000000000000000000000000220032017000000000000200                                                                                                                                                       
1040001300064P 0101298027300700000000000140000000000116891122011689          1001201700000000030690000000099N0907201721001201700000000000060000000000000000000000000000000000000000000000000000000011689                    3001029090000000000 
1040001300065Q 012018765152000140CAMILA REGO DA SILVA ARAGAO ME          RUA JOAO MARTINS DO REGO                SANTA ISABEL   64053120TERESINA       PI0000000000000000                                                                       
1040001300066R 01000000000000000000000000000000000000000000000000210012017000000000000200                                                                                                                                                       
1040001300067P 0101298027300700000000000140000000000131231122013123          1002201700000000032143000000099N0907201721002201700000000000060000000000000000000000000000000000000000000000000000000013123                    3001029090000000000 
1040001300068Q 012018765152000140CAMILA REGO DA SILVA ARAGAO ME          RUA JOAO MARTINS DO REGO                SANTA ISABEL   64053120TERESINA       PI0000000000000000                                                                       
1040001300069R 01000000000000000000000000000000000000000000000000210022017000000000000200                                                                                                                                                       
1040001300070P 0101298027300700000000000140000000000136611122013661          1003201700000000028116000000099N0907201721003201700000000000060000000000000000000000000000000000000000000000000000000013661                    3001029090000000000 
1040001300071Q 012018765152000140CAMILA REGO DA SILVA ARAGAO ME          RUA JOAO MARTINS DO REGO                SANTA ISABEL   64053120TERESINA       PI0000000000000000                                                                       
1040001300072R 01000000000000000000000000000000000000000000000000210032017000000000000200                                                                                                                                                       
1040001300073P 0101298027300700000000000140000000000145591122014559          2203201700000000010000000000099N0907201722203201700000000000060000000000000000000000000000000000000000000000000000000014559                    3001029090000000000 
1040001300074Q 012018765152000140CAMILA REGO DA SILVA ARAGAO ME          RUA JOAO MARTINS DO REGO                SANTA ISABEL   64053120TERESINA       PI0000000000000000                                                                       
1040001300075R 01000000000000000000000000000000000000000000000000222032017000000000000200                                                                                                                                                       
1040001300076P 0101298027300700000000000140000000000149591122014959          1504201700000000027027000000099N0907201721504201700000000000060000000000000000000000000000000000000000000000000000000014959                    3001029090000000000 
1040001300077Q 012018765152000140CAMILA REGO DA SILVA ARAGAO ME          RUA JOAO MARTINS DO REGO                SANTA ISABEL   64053120TERESINA       PI0000000000000000                                                                       
1040001300078R 01000000000000000000000000000000000000000000000000215042017000000000000200                                                                                                                                                       
1040001300079P 0101298027300700000000000140000000000151601122015160          0704201700000000010000000000099N0907201720704201700000000000060000000000000000000000000000000000000000000000000000000015160                    3001029090000000000 
1040001300080Q 012018765152000140CAMILA REGO DA SILVA ARAGAO ME          RUA JOAO MARTINS DO REGO                SANTA ISABEL   64053120TERESINA       PI0000000000000000                                                                       
1040001300081R 01000000000000000000000000000000000000000000000000207042017000000000000200                                                                                                                                                       
1040001300082P 0101298027300700000000000140000000000153751122015375          1904201700000000008116000000099N0907201721904201700000000000060000000000000000000000000000000000000000000000000000000015375                    3001029090000000000 
1040001300083Q 012018765152000140CAMILA REGO DA SILVA ARAGAO ME          RUA JOAO MARTINS DO REGO                SANTA ISABEL   64053120TERESINA       PI0000000000000000                                                                       
1040001300084R 01000000000000000000000000000000000000000000000000219042017000000000000200                                                                                                                                                       
1040001300085P 0101298027300700000000000140000000000157471122015747          1705201700000000027027000000099N0907201721705201700000000000060000000000000000000000000000000000000000000000000000000015747                    3001029090000000000 
1040001300086Q 012018765152000140CAMILA REGO DA SILVA ARAGAO ME          RUA JOAO MARTINS DO REGO                SANTA ISABEL   64053120TERESINA       PI0000000000000000                                                                       
1040001300087R 01000000000000000000000000000000000000000000000000217052017000000000000200                                                                                                                                                       
1040001300088P 0101298027300700000000000140000000000160831122016083          1506201700000000005405400000099N0907201721506201700000000000060000000000000000000000000000000000000000000000000000000016083                    3001029090000000000 
1040001300089Q 012018765152000140CAMILA REGO DA SILVA ARAGAO ME          RUA JOAO MARTINS DO REGO                SANTA ISABEL   64053120TERESINA       PI0000000000000000                                                                       
1040001300090R 01000000000000000000000000000000000000000000000000215062017000000000000200                                                                                                                                                       
1040001300091P 0101298027300700000000000140000000000160841122016084          1507201700000000005405400000099N0907201721507201700000000000060000000000000000000000000000000000000000000000000000000016084                    3001029090000000000 
1040001300092Q 012018765152000140CAMILA REGO DA SILVA ARAGAO ME          RUA JOAO MARTINS DO REGO                SANTA ISABEL   64053120TERESINA       PI0000000000000000                                                                       
1040001300093R 01000000000000000000000000000000000000000000000000215072017000000000000200                                                                                                                                                       
1040001300094P 0101298027300700000000000140000000000160851122016085          1508201700000000005405400000099N0907201721508201700000000000060000000000000000000000000000000000000000000000000000000016085                    3001029090000000000 
1040001300095Q 012018765152000140CAMILA REGO DA SILVA ARAGAO ME          RUA JOAO MARTINS DO REGO                SANTA ISABEL   64053120TERESINA       PI0000000000000000                                                                       
1040001300096R 01000000000000000000000000000000000000000000000000215082017000000000000200                                                                                                                                                       
1040001300097P 0101298027300700000000000140000000000160861122016086          1509201700000000005405400000099N0907201721509201700000000000060000000000000000000000000000000000000000000000000000000016086                    3001029090000000000 
1040001300098Q 012018765152000140CAMILA REGO DA SILVA ARAGAO ME          RUA JOAO MARTINS DO REGO                SANTA ISABEL   64053120TERESINA       PI0000000000000000                                                                       
1040001300099R 01000000000000000000000000000000000000000000000000215092017000000000000200                                                                                                                                                       
1040001300100P 0101298027300700000000000140000000000160871122016087          1510201700000000005405400000099N0907201721510201700000000000060000000000000000000000000000000000000000000000000000000016087                    3001029090000000000 
1040001300101Q 012018765152000140CAMILA REGO DA SILVA ARAGAO ME          RUA JOAO MARTINS DO REGO                SANTA ISABEL   64053120TERESINA       PI0000000000000000                                                                       
1040001300102R 01000000000000000000000000000000000000000000000000215102017000000000000200                                                                                                                                                       
1040001300103P 0101298027300700000000000140000000000165931122016593          1006201700000000027027000000099N0907201721006201700000000000060000000000000000000000000000000000000000000000000000000016593                    3001029090000000000 
1040001300104Q 012018765152000140CAMILA REGO DA SILVA ARAGAO ME          RUA JOAO MARTINS DO REGO                SANTA ISABEL   64053120TERESINA       PI0000000000000000                                                                       
1040001300105R 01000000000000000000000000000000000000000000000000210062017000000000000200                                                                                                                                                       
1040001300106P 0101298027300700000000000140000000000172771122017277          1007201700000000010858000000099N0907201721007201700000000000060000000000000000000000000000000000000000000000000000000017277                    3001029090000000000 
1040001300107Q 012018765152000140CAMILA REGO DA SILVA ARAGAO ME          RUA JOAO MARTINS DO REGO                SANTA ISABEL   64053120TERESINA       PI0000000000000000                                                                       
1040001300108R 01000000000000000000000000000000000000000000000000210072017000000000000200                                                                                                                                                       
1040001300109P 0101298027300700000000000140000000000175501122017550          1007201700000000010858000000099N0907201721007201700000000000060000000000000000000000000000000000000000000000000000000017550                    3001029090000000000 
1040001300110Q 012018765152000140CAMILA REGO DA SILVA ARAGAO ME          RUA JOAO MARTINS DO REGO                SANTA ISABEL   64053120TERESINA       PI0000000000000000                                                                       
1040001300111R 01000000000000000000000000000000000000000000000000210072017000000000000200                                                                                                                                                       
1040001300112P 0101298027300700000000000140000000000180321122018032          1008201700000000010963500000099N0908201721008201700000000000060000000000000000000000000000000000000000000000000000000018032                    3001029090000000000 
1040001300113Q 012018765152000140CAMILA REGO DA SILVA ARAGAO ME          RUA JOAO MARTINS DO REGO                SANTA ISABEL   64053120TERESINA       PI0000000000000000                                                                       
1040001300114R 01000000000000000000000000000000000000000000000000210082017000000000000200                                                                                                                                                       
1040001300115P 0101298027300700000000000140000000000185531122018553          2008201700000000010963500000099N0109201722008201700000000000060000000000000000000000000000000000000000000000000000000018553                    3001029090000000000 
1040001300116Q 012018765152000140CAMILA REGO DA SILVA ARAGAO ME          RUA JOAO MARTINS DO REGO                SANTA ISABEL   64053120TERESINA       PI0000000000000000                                                                       
1040001300117R 01000000000000000000000000000000000000000000000000220082017000000000000200                                                                                                                                                       
1040001300118P 0101298027300700000000000140000000000185801122018580          1009201700000000019584000000099N0509201721009201700000000000060000000000000000000000000000000000000000000000000000000018580                    3001029090000000000 
1040001300119Q 012018765152000140CAMILA REGO DA SILVA ARAGAO ME          RUA JOAO MARTINS DO REGO                SANTA ISABEL   64053120TERESINA       PI0000000000000000                                                                       
1040001300120R 01000000000000000000000000000000000000000000000000210092017000000000000200                                                                                                                                                       
1040001300121P 0101298027300700000000000140000000000197821122019782          1010201700000000019584000000099N0810201721010201700000000000060000000000000000000000000000000000000000000000000000000019782                    3001029090000000000 
1040001300122Q 012018765152000140CAMILA REGO DA SILVA ARAGAO ME          RUA JOAO MARTINS DO REGO                SANTA ISABEL   64053120TERESINA       PI0000000000000000                                                                       
1040001300123R 01000000000000000000000000000000000000000000000000210102017000000000000200                                                                                                                                                       
1040001300124P 0101298027300700000000000140000000000205301122020530          1011201700000000019584000000099N0511201721011201700000000000060000000000000000000000000000000000000000000000000000000020530                    3001029090000000000 
1040001300125Q 012018765152000140CAMILA REGO DA SILVA ARAGAO ME          RUA JOAO MARTINS DO REGO                SANTA ISABEL   64053120TERESINA       PI0000000000000000                                                                       
1040001300126R 01000000000000000000000000000000000000000000000000210112017000000000000200                                                                                                                                                       
1040001300127P 0101298027300700000000000140000000000223821122022382          1112201700000000007226000000099N0612201721112201700000000000060000000000000000000000000000000000000000000000000000000022382                    3001029090000000000 
1040001300128Q 012018765152000140CAMILA REGO DA SILVA ARAGAO ME          RUA JOAO MARTINS DO REGO                SANTA ISABEL   64053120TERESINA       PI0000000000000000                                                                       
1040001300129R 01000000000000000000000000000000000000000000000000211122017000000000000200                                                                                                                                                       
1040001300130P 0101298027300700000000000140000000000236511122023651          2112201700000000010000000000099N2112201722112201700000000000060000000000000000000000000000000000000000000000000000000023651                    3001029090000000000 
1040001300131Q 012018765152000140CAMILA REGO DA SILVA ARAGAO ME          RUA JOAO MARTINS DO REGO                SANTA ISABEL   64053120TERESINA       PI0000000000000000                                                                       
1040001300132R 01000000000000000000000000000000000000000000000000221122017000000000000200                                                                                                                                                       
1040001300133P 0101298027300700000000000140000000000239871122023987          1001201800000000009000000000099N0801201821001201800000000000060000000000000000000000000000000000000000000000000000000023987                    3001029090000000000 
1040001300134Q 012018765152000140CAMILA REGO DA SILVA ARAGAO ME          RUA JOAO MARTINS DO REGO                SANTA ISABEL   64053120TERESINA       PI0000000000000000                                                                       
1040001300135R 01000000000000000000000000000000000000000000000000210012018000000000000200                                                                                                                                                       
1040001300136P 0101298027300700000000000140000000000246831122024683          1001201800000000008405000000099N1101201821001201800000000000060000000000000000000000000000000000000000000000000000000024683                    3001029090000000000 
1040001300137Q 012018765152000140CAMILA REGO DA SILVA ARAGAO ME          RUA JOAO MARTINS DO REGO                SANTA ISABEL   64053120TERESINA       PI0000000000000000                                                                       
1040001300138R 01000000000000000000000000000000000000000000000000210012018000000000000200                                                                                                                                                       
1040001300139P 0101298027300700000000000140000000000253641122025364          1002201800000000007049000000099N0502201821002201800000000000060000000000000000000000000000000000000000000000000000000025364                    3001029090000000000 
1040001300140Q 012018765152000140CAMILA REGO DA SILVA ARAGAO ME          RUA JOAO MARTINS DO REGO                SANTA ISABEL   64053120TERESINA       PI0000000000000000                                                                       
1040001300141R 01000000000000000000000000000000000000000000000000210022018000000000000200                                                                                                                                                       
1040001300142P 0101298027300700000000000140000000000262891122026289          1902201800000000010000000000099N1902201821902201800000000000060000000000000000000000000000000000000000000000000000000026289                    3001029090000000000 
1040001300143Q 012018765152000140CAMILA REGO DA SILVA ARAGAO ME          RUA JOAO MARTINS DO REGO                SANTA ISABEL   64053120TERESINA       PI0000000000000000                                                                       
1040001300144R 01000000000000000000000000000000000000000000000000219022018000000000000200                                                                                                                                                       
1040001300145P 0101298027300700000000000140000000000266281122026628          2203201800000000007458000000099N0603201822203201800000000000060000000000000000000000000000000000000000000000000000000026628                    3001029090000000000 
1040001300146Q 012018765152000140CAMILA REGO DA SILVA ARAGAO ME          RUA JOAO MARTINS DO REGO                SANTA ISABEL   64053120TERESINA       PI0000000000000000                                                                       
1040001300147R 01000000000000000000000000000000000000000000000000222032018000000000000200                                                                                                                                                       
1040001300148P 0101298027300700000000000140000000000276741122027674          1403201800000000009000000000099N1303201821403201800000000000060000000000000000000000000000000000000000000000000000000027674                    3001029090000000000 
1040001300149Q 012018765152000140CAMILA REGO DA SILVA ARAGAO ME          RUA JOAO MARTINS DO REGO                SANTA ISABEL   64053120TERESINA       PI0000000000000000                                                                       
1040001300150R 01000000000000000000000000000000000000000000000000214032018000000000000200                                                                                                                                                       
1040001300151P 0101298027300700000000000140000000000282931122028293          1004201800000000008458000000099N0204201821004201800000000000060000000000000000000000000000000000000000000000000000000028293                    3001029090000000000 
1040001300152Q 012018765152000140CAMILA REGO DA SILVA ARAGAO ME          RUA JOAO MARTINS DO REGO                SANTA ISABEL   64053120TERESINA       PI0000000000000000                                                                       
1040001300153R 01000000000000000000000000000000000000000000000000210042018000000000000200                                                                                                                                                       
1040001300154P 0101298027300700000000000140000000000296151122029615          1704201800000000008000000000099N1704201821704201800000000000060000000000000000000000000000000000000000000000000000000029615                    3001029090000000000 
1040001300155Q 012018765152000140CAMILA REGO DA SILVA ARAGAO ME          RUA JOAO MARTINS DO REGO                SANTA ISABEL   64053120TERESINA       PI0000000000000000                                                                       
1040001300156R 01000000000000000000000000000000000000000000000000217042018000000000000200                                                                                                                                                       
1040001300157P 0101298027300700000000000140000000000300771122030077          1005201800000000016579000000099N0805201821005201800000000000060000000000000000000000000000000000000000000000000000000030077                    3001029090000000000 
1040001300158Q 012018765152000140CAMILA REGO DA SILVA ARAGAO ME          RUA JOAO MARTINS DO REGO                SANTA ISABEL   64053120TERESINA       PI0000000000000000                                                                       
1040001300159R 01000000000000000000000000000000000000000000000000210052018000000000000200                                                                                                                                                       
1040001300160P 0101298027300700000000000140000000000313091122031309          2405201800000000005500000000099N2305201822405201800000000000060000000000000000000000000000000000000000000000000000000031309                    3001029090000000000 
1040001300161Q 012018765152000140CAMILA REGO DA SILVA ARAGAO ME          RUA JOAO MARTINS DO REGO                SANTA ISABEL   64053120TERESINA       PI0000000000000000                                                                       
1040001300162R 01000000000000000000000000000000000000000000000000224052018000000000000200                                                                                                                                                       
1040001300163P 0101298027300700000000000140000000000313371122031337          2905201800000000008000000000099N2805201822905201800000000000060000000000000000000000000000000000000000000000000000000031337                    3001029090000000000 
1040001300164Q 012018765152000140CAMILA REGO DA SILVA ARAGAO ME          RUA JOAO MARTINS DO REGO                SANTA ISABEL   64053120TERESINA       PI0000000000000000                                                                       
1040001300165R 01000000000000000000000000000000000000000000000000229052018000000000000200                                                                                                                                                       
1040001300166P 0101298027300700000000000140000000000314221122031422          3005201800000000003079000000099N3005201823005201800000000000060000000000000000000000000000000000000000000000000000000031422                    3001029090000000000 
1040001300167Q 012018765152000140CAMILA REGO DA SILVA ARAGAO ME          RUA JOAO MARTINS DO REGO                SANTA ISABEL   64053120TERESINA       PI0000000000000000                                                                       
1040001300168R 01000000000000000000000000000000000000000000000000230052018000000000000200                                                                                                                                                       
1040001300169P 0101298027300700000000000140000000000315521122031552          1106201800000000014310000000099N0506201821106201800000000000060000000000000000000000000000000000000000000000000000000031552                    3001029090000000000 
1040001300170Q 012018765152000140CAMILA REGO DA SILVA ARAGAO ME          RUA JOAO MARTINS DO REGO                SANTA ISABEL   64053120TERESINA       PI0000000000000000                                                                       
1040001300171R 01000000000000000000000000000000000000000000000000211062018000000000000200                                                                                                                                                       
1040001300172P 0101298027300700000000000140000000000325071122032507          0906201800000000005310000000099N0906201820906201800000000000060000000000000000000000000000000000000000000000000000000032507                    3001029090000000000 
1040001300173Q 012018765152000140CAMILA REGO DA SILVA ARAGAO ME          RUA JOAO MARTINS DO REGO                SANTA ISABEL   64053120TERESINA       PI0000000000000000                                                                       
1040001300174R 01000000000000000000000000000000000000000000000000209062018000000000000200                                                                                                                                                       
1040001300175P 0101298027300700000000000140000000000325211122032521          1306201800000000005000000000099N1306201821306201800000000000060000000000000000000000000000000000000000000000000000000032521                    3001029090000000000 
1040001300176Q 012018765152000140CAMILA REGO DA SILVA ARAGAO ME          RUA JOAO MARTINS DO REGO                SANTA ISABEL   64053120TERESINA       PI0000000000000000                                                                       
1040001300177R 01000000000000000000000000000000000000000000000000213062018000000000000200                                                                                                                                                       
1040001300178P 0101298027300700000000000140000000000326931122032693          2006201800000000004000000000099N2006201822006201800000000000060000000000000000000000000000000000000000000000000000000032693                    3001029090000000000 
1040001300179Q 012018765152000140CAMILA REGO DA SILVA ARAGAO ME          RUA JOAO MARTINS DO REGO                SANTA ISABEL   64053120TERESINA       PI0000000000000000                                                                       
1040001300180R 01000000000000000000000000000000000000000000000000220062018000000000000200                                                                                                                                                       
1040001300181P 0101298027300700000000000140000000000329061122032906          1007201800000000015689700000099N0807201821007201800000000000060000000000000000000000000000000000000000000000000000000032906                    3001029090000000000 
1040001300182Q 012018765152000140CAMILA REGO DA SILVA ARAGAO ME          RUA JOAO MARTINS DO REGO                SANTA ISABEL   64053120TERESINA       PI0000000000000000                                                                       
1040001300183R 01000000000000000000000000000000000000000000000000210072018000000000000200                                                                                                                                                       
1040001300184P 0101298027300700000000000140000000000339341122033934          1307201800000000005689700000099N1207201821307201800000000000060000000000000000000000000000000000000000000000000000000033934                    3001029090000000000 
1040001300185Q 012018765152000140CAMILA REGO DA SILVA ARAGAO ME          RUA JOAO MARTINS DO REGO                SANTA ISABEL   64053120TERESINA       PI0000000000000000                                                                       
1040001300186R 01000000000000000000000000000000000000000000000000213072018000000000000200                                                                                                                                                       
10400015         000188000062000000000094597240000000000000000000000000000000000000000000000                                                                                                                                                    
10499999         000001000190                                                                                                                                                                                                                   