10400000         2116559540001590000000000000000000001298027300700000000FEDERAL SISTEMAS              CAIXA ECONOMICA FEDERAL                 10502201811470000000905000000                    REMESSA-PRODUCAO                                 
10400011R0100030 20116559540001592730070000000000000001298027300700000000FEDERAL SISTEMAS                                                                                              000000090502201800000000                                 
1040001300001P 0101298027300700000000000140000000000216071122021607          2001201800000000000590000000099N1711201722001201800000000000000000000000000000000000000000000000000000000000000000000021607                    3001700090000000000 
1040001300002Q 012010791236000147FRANCHIN TRANSPORTES LTDA               RUA 27 N 89                             SAO CRISTOVAO  76380000GOIANESIA     GO0000000000000000                                                                       0
1040001300003R 01000000000000000000000000000000000000000000000000220012018000000000000200                                                                                                                                                       
1040001300004P 0101298027300700000000000140000000000216081122021608          2002201800000000000590000000099N1711201722002201800000000000000000000000000000000000000000000000000000000000000000000021608                    3001700090000000000 
1040001300005Q 012010791236000147FRANCHIN TRANSPORTES LTDA               RUA 27 N 89                             SAO CRISTOVAO  76380000GOIANESIA     GO0000000000000000                                                                       0
1040001300006R 01000000000000000000000000000000000000000000000000220022018000000000000200                                                                                                                                                       
1040001300007P 0101298027300700000000000140000000000216091122021609          2003201800000000000590000000099N1711201722003201800000000000000000000000000000000000000000000000000000000000000000000021609                    3001700090000000000 
1040001300008Q 012010791236000147FRANCHIN TRANSPORTES LTDA               RUA 27 N 89                             SAO CRISTOVAO  76380000GOIANESIA     GO0000000000000000                                                                       0
1040001300009R 01000000000000000000000000000000000000000000000000220032018000000000000200                                                                                                                                                       
1040001300010P 0101298027300700000000000140000000000216101122021610          2004201800000000000590000000099N1711201722004201800000000000000000000000000000000000000000000000000000000000000000000021610                    3001700090000000000 
1040001300011Q 012010791236000147FRANCHIN TRANSPORTES LTDA               RUA 27 N 89                             SAO CRISTOVAO  76380000GOIANESIA     GO0000000000000000                                                                       0
1040001300012R 01000000000000000000000000000000000000000000000000220042018000000000000200                                                                                                                                                       
1040001300013P 0101298027300700000000000140000000000216111122021611          2005201800000000000590000000099N1711201722005201800000000000000000000000000000000000000000000000000000000000000000000021611                    3001700090000000000 
1040001300014Q 012010791236000147FRANCHIN TRANSPORTES LTDA               RUA 27 N 89                             SAO CRISTOVAO  76380000GOIANESIA     GO0000000000000000                                                                       0
1040001300015R 01000000000000000000000000000000000000000000000000220052018000000000000200                                                                                                                                                       
1040001300016P 0101298027300700000000000140000000000216121122021612          2006201800000000000590000000099N1711201722006201800000000000000000000000000000000000000000000000000000000000000000000021612                    3001700090000000000 
1040001300017Q 012010791236000147FRANCHIN TRANSPORTES LTDA               RUA 27 N 89                             SAO CRISTOVAO  76380000GOIANESIA     GO0000000000000000                                                                       0
1040001300018R 01000000000000000000000000000000000000000000000000220062018000000000000200                                                                                                                                                       
1040001300019P 0101298027300700000000000140000000000216131122021613          2007201800000000000590000000099N1711201722007201800000000000000000000000000000000000000000000000000000000000000000000021613                    3001700090000000000 
1040001300020Q 012010791236000147FRANCHIN TRANSPORTES LTDA               RUA 27 N 89                             SAO CRISTOVAO  76380000GOIANESIA     GO0000000000000000                                                                       0
1040001300021R 01000000000000000000000000000000000000000000000000220072018000000000000200                                                                                                                                                       
1040001300022P 0101298027300700000000000140000000000216141122021614          2008201800000000000590000000099N1711201722008201800000000000000000000000000000000000000000000000000000000000000000000021614                    3001700090000000000 
1040001300023Q 012010791236000147FRANCHIN TRANSPORTES LTDA               RUA 27 N 89                             SAO CRISTOVAO  76380000GOIANESIA     GO0000000000000000                                                                       0
1040001300024R 01000000000000000000000000000000000000000000000000220082018000000000000200                                                                                                                                                       
1040001300025P 0101298027300700000000000140000000000216151122021615          2009201800000000000590000000099N1711201722009201800000000000000000000000000000000000000000000000000000000000000000000021615                    3001700090000000000 
1040001300026Q 012010791236000147FRANCHIN TRANSPORTES LTDA               RUA 27 N 89                             SAO CRISTOVAO  76380000GOIANESIA     GO0000000000000000                                                                       0
1040001300027R 01000000000000000000000000000000000000000000000000220092018000000000000200                                                                                                                                                       
1040001300028P 0101298027300700000000000140000000000216161122021616          2010201800000000000590000000099N1711201722010201800000000000000000000000000000000000000000000000000000000000000000000021616                    3001700090000000000 
1040001300029Q 012010791236000147FRANCHIN TRANSPORTES LTDA               RUA 27 N 89                             SAO CRISTOVAO  76380000GOIANESIA     GO0000000000000000                                                                       0
1040001300030R 01000000000000000000000000000000000000000000000000220102018000000000000200                                                                                                                                                       
1040001300031P 0101298027300700000000000140000000000216171122021617          2011201800000000000590000000099N1711201722011201800000000000000000000000000000000000000000000000000000000000000000000021617                    3001700090000000000 
1040001300032Q 012010791236000147FRANCHIN TRANSPORTES LTDA               RUA 27 N 89                             SAO CRISTOVAO  76380000GOIANESIA     GO0000000000000000                                                                       0
1040001300033R 01000000000000000000000000000000000000000000000000220112018000000000000200                                                                                                                                                       
1040001300034P 0101298027300700000000000140000000000216181122021618          2012201800000000000590000000099N1711201722012201800000000000000000000000000000000000000000000000000000000000000000000021618                    3001700090000000000 
1040001300035Q 012010791236000147FRANCHIN TRANSPORTES LTDA               RUA 27 N 89                             SAO CRISTOVAO  76380000GOIANESIA     GO0000000000000000                                                                       0
1040001300036R 01000000000000000000000000000000000000000000000000220122018000000000000200                                                                                                                                                       
10400015         000038000012000000000000708000000000000000000000000000000000000000000000000                                                                                                                                                    
10499999         000001000040                                                                                                                                                                                                                   