10400000         2116559540001590000000000000000000001298027300700000000FEDERAL SISTEMAS              CAIXA ECONOMICA FEDERAL                 11005201807083100008905000000                    REMESSA-PRODUCAO                                 
10400011R0100030 20116559540001592730070000000000000001298027300700000000FEDERAL SISTEMAS                                                                                              000000891005201800000000                                 
1040001300001P 0101298027300700000000000140000000000297171122029717          1705201800000000001200000000099N2504201821705201800000000000060000000000000000000000000000000000000000000000000000000029717                    3001090090000000000 
1040001300002Q 012029794000000192C. S. COSTA & CIA LTDA                  RUA ALFREDO DE PÁDUA QUADRA P LOTE 03 LCENTRO         76300000CERES          GO0000000000000000                                                                       
1040001300003R 01000000000000000000000000000000000000000000000000217052018000000000000200                                                                                                                                                       
1040001300004P 0101298027300700000000000140000000000297181122029718          1706201800000000001200000000099N2504201821706201800000000000060000000000000000000000000000000000000000000000000000000029718                    3001090090000000000 
1040001300005Q 012029794000000192C. S. COSTA & CIA LTDA                  RUA ALFREDO DE PÁDUA QUADRA P LOTE 03 LCENTRO         76300000CERES          GO0000000000000000                                                                       
1040001300006R 01000000000000000000000000000000000000000000000000217062018000000000000200                                                                                                                                                       
1040001300007P 0101298027300700000000000140000000000297191122029719          1707201800000000001200000000099N2504201821707201800000000000060000000000000000000000000000000000000000000000000000000029719                    3001090090000000000 
1040001300008Q 012029794000000192C. S. COSTA & CIA LTDA                  RUA ALFREDO DE PÁDUA QUADRA P LOTE 03 LCENTRO         76300000CERES          GO0000000000000000                                                                       
1040001300009R 01000000000000000000000000000000000000000000000000217072018000000000000200                                                                                                                                                       
1040001300010P 0101298027300700000000000140000000000297201122029720          1708201800000000001200000000099N2504201821708201800000000000060000000000000000000000000000000000000000000000000000000029720                    3001090090000000000 
1040001300011Q 012029794000000192C. S. COSTA & CIA LTDA                  RUA ALFREDO DE PÁDUA QUADRA P LOTE 03 LCENTRO         76300000CERES          GO0000000000000000                                                                       
1040001300012R 01000000000000000000000000000000000000000000000000217082018000000000000200                                                                                                                                                       
1040001300013P 0101298027300700000000000140000000000297211122029721          1709201800000000001200000000099N2504201821709201800000000000060000000000000000000000000000000000000000000000000000000029721                    3001090090000000000 
1040001300014Q 012029794000000192C. S. COSTA & CIA LTDA                  RUA ALFREDO DE PÁDUA QUADRA P LOTE 03 LCENTRO         76300000CERES          GO0000000000000000                                                                       
1040001300015R 01000000000000000000000000000000000000000000000000217092018000000000000200                                                                                                                                                       
1040001300016P 0101298027300700000000000140000000000297221122029722          1710201800000000001200000000099N2504201821710201800000000000060000000000000000000000000000000000000000000000000000000029722                    3001090090000000000 
1040001300017Q 012029794000000192C. S. COSTA & CIA LTDA                  RUA ALFREDO DE PÁDUA QUADRA P LOTE 03 LCENTRO         76300000CERES          GO0000000000000000                                                                       
1040001300018R 01000000000000000000000000000000000000000000000000217102018000000000000200                                                                                                                                                       
1040001300019P 0101298027300700000000000140000000000297231122029723          1711201800000000001200000000099N2504201821711201800000000000060000000000000000000000000000000000000000000000000000000029723                    3001090090000000000 
1040001300020Q 012029794000000192C. S. COSTA & CIA LTDA                  RUA ALFREDO DE PÁDUA QUADRA P LOTE 03 LCENTRO         76300000CERES          GO0000000000000000                                                                       
1040001300021R 01000000000000000000000000000000000000000000000000217112018000000000000200                                                                                                                                                       
1040001300022P 0101298027300700000000000140000000000297241122029724          1712201800000000001200000000099N2504201821712201800000000000060000000000000000000000000000000000000000000000000000000029724                    3001090090000000000 
1040001300023Q 012029794000000192C. S. COSTA & CIA LTDA                  RUA ALFREDO DE PÁDUA QUADRA P LOTE 03 LCENTRO         76300000CERES          GO0000000000000000                                                                       
1040001300024R 01000000000000000000000000000000000000000000000000217122018000000000000200                                                                                                                                                       
1040001300025P 0101298027300700000000000140000000000297251122029725          1701201900000000001200000000099N2504201821701201900000000000060000000000000000000000000000000000000000000000000000000029725                    3001090090000000000 
1040001300026Q 012029794000000192C. S. COSTA & CIA LTDA                  RUA ALFREDO DE PÁDUA QUADRA P LOTE 03 LCENTRO         76300000CERES          GO0000000000000000                                                                       
1040001300027R 01000000000000000000000000000000000000000000000000217012019000000000000200                                                                                                                                                       
1040001300028P 0101298027300700000000000140000000000297261122029726          1702201900000000001200000000099N2504201821702201900000000000060000000000000000000000000000000000000000000000000000000029726                    3001090090000000000 
1040001300029Q 012029794000000192C. S. COSTA & CIA LTDA                  RUA ALFREDO DE PÁDUA QUADRA P LOTE 03 LCENTRO         76300000CERES          GO0000000000000000                                                                       
1040001300030R 01000000000000000000000000000000000000000000000000217022019000000000000200                                                                                                                                                       
1040001300031P 0101298027300700000000000140000000000297271122029727          1703201900000000001200000000099N2504201821703201900000000000060000000000000000000000000000000000000000000000000000000029727                    3001090090000000000 
1040001300032Q 012029794000000192C. S. COSTA & CIA LTDA                  RUA ALFREDO DE PÁDUA QUADRA P LOTE 03 LCENTRO         76300000CERES          GO0000000000000000                                                                       
1040001300033R 01000000000000000000000000000000000000000000000000217032019000000000000200                                                                                                                                                       
1040001300034P 0101298027300700000000000140000000000297281122029728          1704201900000000001200000000099N2504201821704201900000000000060000000000000000000000000000000000000000000000000000000029728                    3001090090000000000 
1040001300035Q 012029794000000192C. S. COSTA & CIA LTDA                  RUA ALFREDO DE PÁDUA QUADRA P LOTE 03 LCENTRO         76300000CERES          GO0000000000000000                                                                       
1040001300036R 01000000000000000000000000000000000000000000000000217042019000000000000200                                                                                                                                                       
1040001300037P 0101298027300700000000000140000000000297291122029729          1505201800000000000199000000099N2504201821505201800000000000060000000000000000000000000000000000000000000000000000000029729                    3001090090000000000 
1040001300038Q 011000003095440685RONIK MARQUES GUIMARAES                 RUA MANOELITO CUNHA                     CENTRO         33600000ACUCENA        MG0000000000000000                                                                       
1040001300039R 01000000000000000000000000000000000000000000000000215052018000000000000200                                                                                                                                                       
1040001300040P 0101298027300700000000000140000000000297301122029730          1506201800000000000199000000099N2504201821506201800000000000060000000000000000000000000000000000000000000000000000000029730                    3001090090000000000 
1040001300041Q 011000003095440685RONIK MARQUES GUIMARAES                 RUA MANOELITO CUNHA                     CENTRO         33600000ACUCENA        MG0000000000000000                                                                       
1040001300042R 01000000000000000000000000000000000000000000000000215062018000000000000200                                                                                                                                                       
1040001300043P 0101298027300700000000000140000000000297311122029731          1507201800000000000199000000099N2504201821507201800000000000060000000000000000000000000000000000000000000000000000000029731                    3001090090000000000 
1040001300044Q 011000003095440685RONIK MARQUES GUIMARAES                 RUA MANOELITO CUNHA                     CENTRO         33600000ACUCENA        MG0000000000000000                                                                       
1040001300045R 01000000000000000000000000000000000000000000000000215072018000000000000200                                                                                                                                                       
1040001300046P 0101298027300700000000000140000000000297321122029732          1508201800000000000199000000099N2504201821508201800000000000060000000000000000000000000000000000000000000000000000000029732                    3001090090000000000 
1040001300047Q 011000003095440685RONIK MARQUES GUIMARAES                 RUA MANOELITO CUNHA                     CENTRO         33600000ACUCENA        MG0000000000000000                                                                       
1040001300048R 01000000000000000000000000000000000000000000000000215082018000000000000200                                                                                                                                                       
1040001300049P 0101298027300700000000000140000000000297331122029733          1509201800000000000199000000099N2504201821509201800000000000060000000000000000000000000000000000000000000000000000000029733                    3001090090000000000 
1040001300050Q 011000003095440685RONIK MARQUES GUIMARAES                 RUA MANOELITO CUNHA                     CENTRO         33600000ACUCENA        MG0000000000000000                                                                       
1040001300051R 01000000000000000000000000000000000000000000000000215092018000000000000200                                                                                                                                                       
1040001300052P 0101298027300700000000000140000000000297341122029734          1510201800000000000199000000099N2504201821510201800000000000060000000000000000000000000000000000000000000000000000000029734                    3001090090000000000 
1040001300053Q 011000003095440685RONIK MARQUES GUIMARAES                 RUA MANOELITO CUNHA                     CENTRO         33600000ACUCENA        MG0000000000000000                                                                       
1040001300054R 01000000000000000000000000000000000000000000000000215102018000000000000200                                                                                                                                                       
1040001300055P 0101298027300700000000000140000000000297351122029735          1511201800000000000199000000099N2504201821511201800000000000060000000000000000000000000000000000000000000000000000000029735                    3001090090000000000 
1040001300056Q 011000003095440685RONIK MARQUES GUIMARAES                 RUA MANOELITO CUNHA                     CENTRO         33600000ACUCENA        MG0000000000000000                                                                       
1040001300057R 01000000000000000000000000000000000000000000000000215112018000000000000200                                                                                                                                                       
1040001300058P 0101298027300700000000000140000000000297361122029736          1512201800000000000199000000099N2504201821512201800000000000060000000000000000000000000000000000000000000000000000000029736                    3001090090000000000 
1040001300059Q 011000003095440685RONIK MARQUES GUIMARAES                 RUA MANOELITO CUNHA                     CENTRO         33600000ACUCENA        MG0000000000000000                                                                       
1040001300060R 01000000000000000000000000000000000000000000000000215122018000000000000200                                                                                                                                                       
1040001300061P 0101298027300700000000000140000000000297371122029737          1501201900000000000199000000099N2504201821501201900000000000060000000000000000000000000000000000000000000000000000000029737                    3001090090000000000 
1040001300062Q 011000003095440685RONIK MARQUES GUIMARAES                 RUA MANOELITO CUNHA                     CENTRO         33600000ACUCENA        MG0000000000000000                                                                       
1040001300063R 01000000000000000000000000000000000000000000000000215012019000000000000200                                                                                                                                                       
1040001300064P 0101298027300700000000000140000000000297381122029738          1502201900000000000199000000099N2504201821502201900000000000060000000000000000000000000000000000000000000000000000000029738                    3001090090000000000 
1040001300065Q 011000003095440685RONIK MARQUES GUIMARAES                 RUA MANOELITO CUNHA                     CENTRO         33600000ACUCENA        MG0000000000000000                                                                       
1040001300066R 01000000000000000000000000000000000000000000000000215022019000000000000200                                                                                                                                                       
1040001300067P 0101298027300700000000000140000000000297391122029739          1503201900000000000199000000099N2504201821503201900000000000060000000000000000000000000000000000000000000000000000000029739                    3001090090000000000 
1040001300068Q 011000003095440685RONIK MARQUES GUIMARAES                 RUA MANOELITO CUNHA                     CENTRO         33600000ACUCENA        MG0000000000000000                                                                       
1040001300069R 01000000000000000000000000000000000000000000000000215032019000000000000200                                                                                                                                                       
1040001300070P 0101298027300700000000000140000000000297401122029740          1504201900000000000199000000099N2504201821504201900000000000060000000000000000000000000000000000000000000000000000000029740                    3001090090000000000 
1040001300071Q 011000003095440685RONIK MARQUES GUIMARAES                 RUA MANOELITO CUNHA                     CENTRO         33600000ACUCENA        MG0000000000000000                                                                       
1040001300072R 01000000000000000000000000000000000000000000000000215042019000000000000200                                                                                                                                                       
1040001300073P 0101298027300700000000000140000000000297411122029741          2804201800000000006000000000099N2504201822804201800000000000060000000000000000000000000000000000000000000000000000000029741                    3001090090000000000 
1040001300074Q 012002239960000134PIGALLE IRACI OLIVEIRA                  RUA PEDRO F REGO QD 12 LT 17            SETOR PLANALTO 76310000CERES          GO0000000000000000                                                                       
1040001300075R 01000000000000000000000000000000000000000000000000228042018000000000000200                                                                                                                                                       
1040001300076P 0101298027300700000000000140000000000297421122029742          2805201800000000006000000000099N2504201822805201800000000000060000000000000000000000000000000000000000000000000000000029742                    3001090090000000000 
1040001300077Q 012002239960000134PIGALLE IRACI OLIVEIRA                  RUA PEDRO F REGO QD 12 LT 17            SETOR PLANALTO 76310000CERES          GO0000000000000000                                                                       
1040001300078R 01000000000000000000000000000000000000000000000000228052018000000000000200                                                                                                                                                       
1040001300079P 0101298027300700000000000140000000000297431122029743          2806201800000000006000000000099N2504201822806201800000000000060000000000000000000000000000000000000000000000000000000029743                    3001090090000000000 
1040001300080Q 012002239960000134PIGALLE IRACI OLIVEIRA                  RUA PEDRO F REGO QD 12 LT 17            SETOR PLANALTO 76310000CERES          GO0000000000000000                                                                       
1040001300081R 01000000000000000000000000000000000000000000000000228062018000000000000200                                                                                                                                                       
1040001300082P 0101298027300700000000000140000000000297441122029744          2807201800000000006000000000099N2504201822807201800000000000060000000000000000000000000000000000000000000000000000000029744                    3001090090000000000 
1040001300083Q 012002239960000134PIGALLE IRACI OLIVEIRA                  RUA PEDRO F REGO QD 12 LT 17            SETOR PLANALTO 76310000CERES          GO0000000000000000                                                                       
1040001300084R 01000000000000000000000000000000000000000000000000228072018000000000000200                                                                                                                                                       
1040001300085P 0101298027300700000000000140000000000297451122029745          2808201800000000006000000000099N2504201822808201800000000000060000000000000000000000000000000000000000000000000000000029745                    3001090090000000000 
1040001300086Q 012002239960000134PIGALLE IRACI OLIVEIRA                  RUA PEDRO F REGO QD 12 LT 17            SETOR PLANALTO 76310000CERES          GO0000000000000000                                                                       
1040001300087R 01000000000000000000000000000000000000000000000000228082018000000000000200                                                                                                                                                       
1040001300088P 0101298027300700000000000140000000000297461122029746          2809201800000000006000000000099N2504201822809201800000000000060000000000000000000000000000000000000000000000000000000029746                    3001090090000000000 
1040001300089Q 012002239960000134PIGALLE IRACI OLIVEIRA                  RUA PEDRO F REGO QD 12 LT 17            SETOR PLANALTO 76310000CERES          GO0000000000000000                                                                       
1040001300090R 01000000000000000000000000000000000000000000000000228092018000000000000200                                                                                                                                                       
1040001300091P 0101298027300700000000000140000000000297471122029747          2810201800000000006000000000099N2504201822810201800000000000060000000000000000000000000000000000000000000000000000000029747                    3001090090000000000 
1040001300092Q 012002239960000134PIGALLE IRACI OLIVEIRA                  RUA PEDRO F REGO QD 12 LT 17            SETOR PLANALTO 76310000CERES          GO0000000000000000                                                                       
1040001300093R 01000000000000000000000000000000000000000000000000228102018000000000000200                                                                                                                                                       
1040001300094P 0101298027300700000000000140000000000297481122029748          2811201800000000006000000000099N2504201822811201800000000000060000000000000000000000000000000000000000000000000000000029748                    3001090090000000000 
1040001300095Q 012002239960000134PIGALLE IRACI OLIVEIRA                  RUA PEDRO F REGO QD 12 LT 17            SETOR PLANALTO 76310000CERES          GO0000000000000000                                                                       
1040001300096R 01000000000000000000000000000000000000000000000000228112018000000000000200                                                                                                                                                       
1040001300097P 0101298027300700000000000140000000000297491122029749          2812201800000000006000000000099N2504201822812201800000000000060000000000000000000000000000000000000000000000000000000029749                    3001090090000000000 
1040001300098Q 012002239960000134PIGALLE IRACI OLIVEIRA                  RUA PEDRO F REGO QD 12 LT 17            SETOR PLANALTO 76310000CERES          GO0000000000000000                                                                       
1040001300099R 01000000000000000000000000000000000000000000000000228122018000000000000200                                                                                                                                                       
1040001300100P 0101298027300700000000000140000000000297501122029750          2801201900000000006000000000099N2504201822801201900000000000060000000000000000000000000000000000000000000000000000000029750                    3001090090000000000 
1040001300101Q 012002239960000134PIGALLE IRACI OLIVEIRA                  RUA PEDRO F REGO QD 12 LT 17            SETOR PLANALTO 76310000CERES          GO0000000000000000                                                                       
1040001300102R 01000000000000000000000000000000000000000000000000228012019000000000000200                                                                                                                                                       
1040001300103P 0101298027300700000000000140000000000297511122029751          2802201900000000006000000000099N2504201822802201900000000000060000000000000000000000000000000000000000000000000000000029751                    3001090090000000000 
1040001300104Q 012002239960000134PIGALLE IRACI OLIVEIRA                  RUA PEDRO F REGO QD 12 LT 17            SETOR PLANALTO 76310000CERES          GO0000000000000000                                                                       
1040001300105R 01000000000000000000000000000000000000000000000000228022019000000000000200                                                                                                                                                       
1040001300106P 0101298027300700000000000140000000000297521122029752          2803201900000000006000000000099N2504201822803201900000000000060000000000000000000000000000000000000000000000000000000029752                    3001090090000000000 
1040001300107Q 012002239960000134PIGALLE IRACI OLIVEIRA                  RUA PEDRO F REGO QD 12 LT 17            SETOR PLANALTO 76310000CERES          GO0000000000000000                                                                       
1040001300108R 01000000000000000000000000000000000000000000000000228032019000000000000200                                                                                                                                                       
1040001300109P 0101298027300700000000000140000000000297531122029753          0804201800000000000750000000099N2504201820804201800000000000060000000000000000000000000000000000000000000000000000000029753                    3001090090000000000 
1040001300110Q 011000036348465187VICENTE HERCULANO GONCALVES             AV JOAO BATISTA SOBRINHO N 1175         VILA REI       76340000GOIANESIA      GO0000000000000000                                                                       
1040001300111R 01000000000000000000000000000000000000000000000000208042018000000000000200                                                                                                                                                       
1040001300112P 0101298027300700000000000140000000000297541122029754          0804201800000000000750000000099N2504201820804201800000000000060000000000000000000000000000000000000000000000000000000029754                    3001090090000000000 
1040001300113Q 011000036348465187VICENTE HERCULANO GONCALVES             AV JOAO BATISTA SOBRINHO N 1175         VILA REI       76340000GOIANESIA      GO0000000000000000                                                                       
1040001300114R 01000000000000000000000000000000000000000000000000208042018000000000000200                                                                                                                                                       
1040001300115P 0101298027300700000000000140000000000297551122029755          0804201800000000000750000000099N2504201820804201800000000000060000000000000000000000000000000000000000000000000000000029755                    3001090090000000000 
1040001300116Q 011000036348465187VICENTE HERCULANO GONCALVES             AV JOAO BATISTA SOBRINHO N 1175         VILA REI       76340000GOIANESIA      GO0000000000000000                                                                       
1040001300117R 01000000000000000000000000000000000000000000000000208042018000000000000200                                                                                                                                                       
1040001300118P 0101298027300700000000000140000000000297561122029756          0804201800000000000750000000099N2504201820804201800000000000060000000000000000000000000000000000000000000000000000000029756                    3001090090000000000 
1040001300119Q 011000036348465187VICENTE HERCULANO GONCALVES             AV JOAO BATISTA SOBRINHO N 1175         VILA REI       76340000GOIANESIA      GO0000000000000000                                                                       
1040001300120R 01000000000000000000000000000000000000000000000000208042018000000000000200                                                                                                                                                       
1040001300121P 0101298027300700000000000140000000000297571122029757          0805201800000000000750000000099N2504201820805201800000000000060000000000000000000000000000000000000000000000000000000029757                    3001090090000000000 
1040001300122Q 011000036348465187VICENTE HERCULANO GONCALVES             AV JOAO BATISTA SOBRINHO N 1175         VILA REI       76340000GOIANESIA      GO0000000000000000                                                                       
1040001300123R 01000000000000000000000000000000000000000000000000208052018000000000000200                                                                                                                                                       
1040001300124P 0101298027300700000000000140000000000297581122029758          0806201800000000000750000000099N2504201820806201800000000000060000000000000000000000000000000000000000000000000000000029758                    3001090090000000000 
1040001300125Q 011000036348465187VICENTE HERCULANO GONCALVES             AV JOAO BATISTA SOBRINHO N 1175         VILA REI       76340000GOIANESIA      GO0000000000000000                                                                       
1040001300126R 01000000000000000000000000000000000000000000000000208062018000000000000200                                                                                                                                                       
1040001300127P 0101298027300700000000000140000000000297591122029759          0807201800000000000750000000099N2504201820807201800000000000060000000000000000000000000000000000000000000000000000000029759                    3001090090000000000 
1040001300128Q 011000036348465187VICENTE HERCULANO GONCALVES             AV JOAO BATISTA SOBRINHO N 1175         VILA REI       76340000GOIANESIA      GO0000000000000000                                                                       
1040001300129R 01000000000000000000000000000000000000000000000000208072018000000000000200                                                                                                                                                       
1040001300130P 0101298027300700000000000140000000000297601122029760          0808201800000000000750000000099N2504201820808201800000000000060000000000000000000000000000000000000000000000000000000029760                    3001090090000000000 
1040001300131Q 011000036348465187VICENTE HERCULANO GONCALVES             AV JOAO BATISTA SOBRINHO N 1175         VILA REI       76340000GOIANESIA      GO0000000000000000                                                                       
1040001300132R 01000000000000000000000000000000000000000000000000208082018000000000000200                                                                                                                                                       
1040001300133P 0101298027300700000000000140000000000297611122029761          0809201800000000000750000000099N2504201820809201800000000000060000000000000000000000000000000000000000000000000000000029761                    3001090090000000000 
1040001300134Q 011000036348465187VICENTE HERCULANO GONCALVES             AV JOAO BATISTA SOBRINHO N 1175         VILA REI       76340000GOIANESIA      GO0000000000000000                                                                       
1040001300135R 01000000000000000000000000000000000000000000000000208092018000000000000200                                                                                                                                                       
1040001300136P 0101298027300700000000000140000000000297621122029762          0810201800000000000750000000099N2504201820810201800000000000060000000000000000000000000000000000000000000000000000000029762                    3001090090000000000 
1040001300137Q 011000036348465187VICENTE HERCULANO GONCALVES             AV JOAO BATISTA SOBRINHO N 1175         VILA REI       76340000GOIANESIA      GO0000000000000000                                                                       
1040001300138R 01000000000000000000000000000000000000000000000000208102018000000000000200                                                                                                                                                       
1040001300139P 0101298027300700000000000140000000000297631122029763          0811201800000000000750000000099N2504201820811201800000000000060000000000000000000000000000000000000000000000000000000029763                    3001090090000000000 
1040001300140Q 011000036348465187VICENTE HERCULANO GONCALVES             AV JOAO BATISTA SOBRINHO N 1175         VILA REI       76340000GOIANESIA      GO0000000000000000                                                                       
1040001300141R 01000000000000000000000000000000000000000000000000208112018000000000000200                                                                                                                                                       
1040001300142P 0101298027300700000000000140000000000297641122029764          0812201800000000000750000000099N2504201820812201800000000000060000000000000000000000000000000000000000000000000000000029764                    3001090090000000000 
1040001300143Q 011000036348465187VICENTE HERCULANO GONCALVES             AV JOAO BATISTA SOBRINHO N 1175         VILA REI       76340000GOIANESIA      GO0000000000000000                                                                       
1040001300144R 01000000000000000000000000000000000000000000000000208122018000000000000200                                                                                                                                                       
1040001300145P 0101298027300700000000000140000000000297651122029765          2002201800000000001770000000099N2504201822002201800000000000060000000000000000000000000000000000000000000000000000000029765                    3001090090000000000 
1040001300146Q 011000000271890150ELIZANGELA MARIA ALVES OLIVEIRA         AV. PRESIDENTE VARGAS                   CENTRO         76300000CERES          GO0000000000000000                                                                       
1040001300147R 01000000000000000000000000000000000000000000000000220022018000000000000200                                                                                                                                                       
1040001300148P 0101298027300700000000000140000000000297661122029766          2003201800000000001770000000099N2504201822003201800000000000060000000000000000000000000000000000000000000000000000000029766                    3001090090000000000 
1040001300149Q 011000000271890150ELIZANGELA MARIA ALVES OLIVEIRA         AV. PRESIDENTE VARGAS                   CENTRO         76300000CERES          GO0000000000000000                                                                       
1040001300150R 01000000000000000000000000000000000000000000000000220032018000000000000200                                                                                                                                                       
1040001300151P 0101298027300700000000000140000000000297671122029767          2004201800000000001770000000099N2504201822004201800000000000060000000000000000000000000000000000000000000000000000000029767                    3001090090000000000 
1040001300152Q 011000000271890150ELIZANGELA MARIA ALVES OLIVEIRA         AV. PRESIDENTE VARGAS                   CENTRO         76300000CERES          GO0000000000000000                                                                       
1040001300153R 01000000000000000000000000000000000000000000000000220042018000000000000200                                                                                                                                                       
1040001300154P 0101298027300700000000000140000000000297681122029768          2005201800000000001770000000099N2504201822005201800000000000060000000000000000000000000000000000000000000000000000000029768                    3001090090000000000 
1040001300155Q 011000000271890150ELIZANGELA MARIA ALVES OLIVEIRA         AV. PRESIDENTE VARGAS                   CENTRO         76300000CERES          GO0000000000000000                                                                       
1040001300156R 01000000000000000000000000000000000000000000000000220052018000000000000200                                                                                                                                                       
1040001300157P 0101298027300700000000000140000000000297691122029769          2006201800000000001770000000099N2504201822006201800000000000060000000000000000000000000000000000000000000000000000000029769                    3001090090000000000 
1040001300158Q 011000000271890150ELIZANGELA MARIA ALVES OLIVEIRA         AV. PRESIDENTE VARGAS                   CENTRO         76300000CERES          GO0000000000000000                                                                       
1040001300159R 01000000000000000000000000000000000000000000000000220062018000000000000200                                                                                                                                                       
1040001300160P 0101298027300700000000000140000000000297701122029770          2007201800000000001770000000099N2504201822007201800000000000060000000000000000000000000000000000000000000000000000000029770                    3001090090000000000 
1040001300161Q 011000000271890150ELIZANGELA MARIA ALVES OLIVEIRA         AV. PRESIDENTE VARGAS                   CENTRO         76300000CERES          GO0000000000000000                                                                       
1040001300162R 01000000000000000000000000000000000000000000000000220072018000000000000200                                                                                                                                                       
1040001300163P 0101298027300700000000000140000000000297711122029771          2008201800000000001770000000099N2504201822008201800000000000060000000000000000000000000000000000000000000000000000000029771                    3001090090000000000 
1040001300164Q 011000000271890150ELIZANGELA MARIA ALVES OLIVEIRA         AV. PRESIDENTE VARGAS                   CENTRO         76300000CERES          GO0000000000000000                                                                       
1040001300165R 01000000000000000000000000000000000000000000000000220082018000000000000200                                                                                                                                                       
1040001300166P 0101298027300700000000000140000000000297721122029772          2009201800000000001770000000099N2504201822009201800000000000060000000000000000000000000000000000000000000000000000000029772                    3001090090000000000 
1040001300167Q 011000000271890150ELIZANGELA MARIA ALVES OLIVEIRA         AV. PRESIDENTE VARGAS                   CENTRO         76300000CERES          GO0000000000000000                                                                       
1040001300168R 01000000000000000000000000000000000000000000000000220092018000000000000200                                                                                                                                                       
1040001300169P 0101298027300700000000000140000000000297731122029773          2010201800000000001770000000099N2504201822010201800000000000060000000000000000000000000000000000000000000000000000000029773                    3001090090000000000 
1040001300170Q 011000000271890150ELIZANGELA MARIA ALVES OLIVEIRA         AV. PRESIDENTE VARGAS                   CENTRO         76300000CERES          GO0000000000000000                                                                       
1040001300171R 01000000000000000000000000000000000000000000000000220102018000000000000200                                                                                                                                                       
1040001300172P 0101298027300700000000000140000000000297741122029774          2011201800000000001770000000099N2504201822011201800000000000060000000000000000000000000000000000000000000000000000000029774                    3001090090000000000 
1040001300173Q 011000000271890150ELIZANGELA MARIA ALVES OLIVEIRA         AV. PRESIDENTE VARGAS                   CENTRO         76300000CERES          GO0000000000000000                                                                       
1040001300174R 01000000000000000000000000000000000000000000000000220112018000000000000200                                                                                                                                                       
1040001300175P 0101298027300700000000000140000000000297751122029775          2012201800000000001770000000099N2504201822012201800000000000060000000000000000000000000000000000000000000000000000000029775                    3001090090000000000 
1040001300176Q 011000000271890150ELIZANGELA MARIA ALVES OLIVEIRA         AV. PRESIDENTE VARGAS                   CENTRO         76300000CERES          GO0000000000000000                                                                       
1040001300177R 01000000000000000000000000000000000000000000000000220122018000000000000200                                                                                                                                                       
1040001300178P 0101298027300700000000000140000000000297761122029776          2001201900000000001770000000099N2504201822001201900000000000060000000000000000000000000000000000000000000000000000000029776                    3001090090000000000 
1040001300179Q 011000000271890150ELIZANGELA MARIA ALVES OLIVEIRA         AV. PRESIDENTE VARGAS                   CENTRO         76300000CERES          GO0000000000000000                                                                       
1040001300180R 01000000000000000000000000000000000000000000000000220012019000000000000200                                                                                                                                                       
1040001300181P 0101298027300700000000000140000000000297771122029777          2001201800000000000590000000099N2504201822001201800000000000060000000000000000000000000000000000000000000000000000000029777                    3001090090000000000 
1040001300182Q 011000081750501287VALCIRLEI MARQUES DA SILVA              RUA JOSE CARRILHO                       CARRILHO       76380000GOIANESIA      GO0000000000000000                                                                       
1040001300183R 01000000000000000000000000000000000000000000000000220012018000000000000200                                                                                                                                                       
1040001300184P 0101298027300700000000000140000000000297781122029778          2002201800000000000590000000099N2504201822002201800000000000060000000000000000000000000000000000000000000000000000000029778                    3001090090000000000 
1040001300185Q 011000081750501287VALCIRLEI MARQUES DA SILVA              RUA JOSE CARRILHO                       CARRILHO       76380000GOIANESIA      GO0000000000000000                                                                       
1040001300186R 01000000000000000000000000000000000000000000000000220022018000000000000200                                                                                                                                                       
1040001300187P 0101298027300700000000000140000000000297791122029779          2003201800000000000590000000099N2504201822003201800000000000060000000000000000000000000000000000000000000000000000000029779                    3001090090000000000 
1040001300188Q 011000081750501287VALCIRLEI MARQUES DA SILVA              RUA JOSE CARRILHO                       CARRILHO       76380000GOIANESIA      GO0000000000000000                                                                       
1040001300189R 01000000000000000000000000000000000000000000000000220032018000000000000200                                                                                                                                                       
1040001300190P 0101298027300700000000000140000000000297801122029780          2004201800000000000590000000099N2504201822004201800000000000060000000000000000000000000000000000000000000000000000000029780                    3001090090000000000 
1040001300191Q 011000081750501287VALCIRLEI MARQUES DA SILVA              RUA JOSE CARRILHO                       CARRILHO       76380000GOIANESIA      GO0000000000000000                                                                       
1040001300192R 01000000000000000000000000000000000000000000000000220042018000000000000200                                                                                                                                                       
1040001300193P 0101298027300700000000000140000000000297811122029781          2005201800000000000590000000099N2504201822005201800000000000060000000000000000000000000000000000000000000000000000000029781                    3001090090000000000 
1040001300194Q 011000081750501287VALCIRLEI MARQUES DA SILVA              RUA JOSE CARRILHO                       CARRILHO       76380000GOIANESIA      GO0000000000000000                                                                       
1040001300195R 01000000000000000000000000000000000000000000000000220052018000000000000200                                                                                                                                                       
1040001300196P 0101298027300700000000000140000000000297821122029782          2006201800000000000590000000099N2504201822006201800000000000060000000000000000000000000000000000000000000000000000000029782                    3001090090000000000 
1040001300197Q 011000081750501287VALCIRLEI MARQUES DA SILVA              RUA JOSE CARRILHO                       CARRILHO       76380000GOIANESIA      GO0000000000000000                                                                       
1040001300198R 01000000000000000000000000000000000000000000000000220062018000000000000200                                                                                                                                                       
1040001300199P 0101298027300700000000000140000000000297831122029783          2007201800000000000590000000099N2504201822007201800000000000060000000000000000000000000000000000000000000000000000000029783                    3001090090000000000 
1040001300200Q 011000081750501287VALCIRLEI MARQUES DA SILVA              RUA JOSE CARRILHO                       CARRILHO       76380000GOIANESIA      GO0000000000000000                                                                       
1040001300201R 01000000000000000000000000000000000000000000000000220072018000000000000200                                                                                                                                                       
1040001300202P 0101298027300700000000000140000000000297841122029784          2008201800000000000590000000099N2504201822008201800000000000060000000000000000000000000000000000000000000000000000000029784                    3001090090000000000 
1040001300203Q 011000081750501287VALCIRLEI MARQUES DA SILVA              RUA JOSE CARRILHO                       CARRILHO       76380000GOIANESIA      GO0000000000000000                                                                       
1040001300204R 01000000000000000000000000000000000000000000000000220082018000000000000200                                                                                                                                                       
1040001300205P 0101298027300700000000000140000000000297851122029785          2009201800000000000590000000099N2504201822009201800000000000060000000000000000000000000000000000000000000000000000000029785                    3001090090000000000 
1040001300206Q 011000081750501287VALCIRLEI MARQUES DA SILVA              RUA JOSE CARRILHO                       CARRILHO       76380000GOIANESIA      GO0000000000000000                                                                       
1040001300207R 01000000000000000000000000000000000000000000000000220092018000000000000200                                                                                                                                                       
1040001300208P 0101298027300700000000000140000000000297861122029786          2010201800000000000590000000099N2504201822010201800000000000060000000000000000000000000000000000000000000000000000000029786                    3001090090000000000 
1040001300209Q 011000081750501287VALCIRLEI MARQUES DA SILVA              RUA JOSE CARRILHO                       CARRILHO       76380000GOIANESIA      GO0000000000000000                                                                       
1040001300210R 01000000000000000000000000000000000000000000000000220102018000000000000200                                                                                                                                                       
1040001300211P 0101298027300700000000000140000000000297871122029787          2011201800000000000590000000099N2504201822011201800000000000060000000000000000000000000000000000000000000000000000000029787                    3001090090000000000 
1040001300212Q 011000081750501287VALCIRLEI MARQUES DA SILVA              RUA JOSE CARRILHO                       CARRILHO       76380000GOIANESIA      GO0000000000000000                                                                       
1040001300213R 01000000000000000000000000000000000000000000000000220112018000000000000200                                                                                                                                                       
1040001300214P 0101298027300700000000000140000000000297881122029788          2012201800000000000590000000099N2504201822012201800000000000060000000000000000000000000000000000000000000000000000000029788                    3001090090000000000 
1040001300215Q 011000081750501287VALCIRLEI MARQUES DA SILVA              RUA JOSE CARRILHO                       CARRILHO       76380000GOIANESIA      GO0000000000000000                                                                       
1040001300216R 01000000000000000000000000000000000000000000000000220122018000000000000200                                                                                                                                                       
1040001300217P 0101298027300700000000000140000000000297891122029789          2705201800000000000750000000099N2504201822705201800000000000060000000000000000000000000000000000000000000000000000000029789                    3001090090000000000 
1040001300218Q 011000000206715390FELIPE BEZERRA DA SILVA                 RUA JOSE PAULINO, N 764, BAIRRO DE FATIM               64049360TERESINA       PI0000000000000000                                                                       
1040001300219R 01000000000000000000000000000000000000000000000000227052018000000000000200                                                                                                                                                       
1040001300220P 0101298027300700000000000140000000000297911122029791          2805201800000000000590000000099N2504201822805201800000000000060000000000000000000000000000000000000000000000000000000029791                    3001090090000000000 
1040001300221Q 012030168163000149DP MOREIRA TRANSPORTES ME               AVENIDA GOIAS NORTE                    CARRILHO       76380745GOIANESIA     GO0000000000000000                                                                       00
1040001300222R 01000000000000000000000000000000000000000000000000228052018000000000000200                                                                                                                                                       
1040001300223P 0101298027300700000000000140000000000297921122029792          2806201800000000000590000000099N2504201822806201800000000000060000000000000000000000000000000000000000000000000000000029792                    3001090090000000000 
1040001300224Q 012030168163000149DP MOREIRA TRANSPORTES ME               AVENIDA GOIAS NORTE                    CARRILHO       76380745GOIANESIA     GO0000000000000000                                                                       00
1040001300225R 01000000000000000000000000000000000000000000000000228062018000000000000200                                                                                                                                                       
1040001300226P 0101298027300700000000000140000000000297931122029793          2807201800000000000590000000099N2504201822807201800000000000060000000000000000000000000000000000000000000000000000000029793                    3001090090000000000 
1040001300227Q 012030168163000149DP MOREIRA TRANSPORTES ME               AVENIDA GOIAS NORTE                    CARRILHO       76380745GOIANESIA     GO0000000000000000                                                                       00
1040001300228R 01000000000000000000000000000000000000000000000000228072018000000000000200                                                                                                                                                       
1040001300229P 0101298027300700000000000140000000000297941122029794          2808201800000000000590000000099N2504201822808201800000000000060000000000000000000000000000000000000000000000000000000029794                    3001090090000000000 
1040001300230Q 012030168163000149DP MOREIRA TRANSPORTES ME               AVENIDA GOIAS NORTE                    CARRILHO       76380745GOIANESIA     GO0000000000000000                                                                       00
1040001300231R 01000000000000000000000000000000000000000000000000228082018000000000000200                                                                                                                                                       
1040001300232P 0101298027300700000000000140000000000297951122029795          2809201800000000000590000000099N2504201822809201800000000000060000000000000000000000000000000000000000000000000000000029795                    3001090090000000000 
1040001300233Q 012030168163000149DP MOREIRA TRANSPORTES ME               AVENIDA GOIAS NORTE                    CARRILHO       76380745GOIANESIA     GO0000000000000000                                                                       00
1040001300234R 01000000000000000000000000000000000000000000000000228092018000000000000200                                                                                                                                                       
1040001300235P 0101298027300700000000000140000000000297961122029796          2810201800000000000590000000099N2504201822810201800000000000060000000000000000000000000000000000000000000000000000000029796                    3001090090000000000 
1040001300236Q 012030168163000149DP MOREIRA TRANSPORTES ME               AVENIDA GOIAS NORTE                    CARRILHO       76380745GOIANESIA     GO0000000000000000                                                                       00
1040001300237R 01000000000000000000000000000000000000000000000000228102018000000000000200                                                                                                                                                       
1040001300238P 0101298027300700000000000140000000000297971122029797          2811201800000000000590000000099N2504201822811201800000000000060000000000000000000000000000000000000000000000000000000029797                    3001090090000000000 
1040001300239Q 012030168163000149DP MOREIRA TRANSPORTES ME               AVENIDA GOIAS NORTE                    CARRILHO       76380745GOIANESIA     GO0000000000000000                                                                       00
1040001300240R 01000000000000000000000000000000000000000000000000228112018000000000000200                                                                                                                                                       
1040001300241P 0101298027300700000000000140000000000297981122029798          2812201800000000000590000000099N2504201822812201800000000000060000000000000000000000000000000000000000000000000000000029798                    3001090090000000000 
1040001300242Q 012030168163000149DP MOREIRA TRANSPORTES ME               AVENIDA GOIAS NORTE                    CARRILHO       76380745GOIANESIA     GO0000000000000000                                                                       00
1040001300243R 01000000000000000000000000000000000000000000000000228122018000000000000200                                                                                                                                                       
1040001300244P 0101298027300700000000000140000000000297991122029799          2801201900000000000590000000099N2504201822801201900000000000060000000000000000000000000000000000000000000000000000000029799                    3001090090000000000 
1040001300245Q 012030168163000149DP MOREIRA TRANSPORTES ME               AVENIDA GOIAS NORTE                    CARRILHO       76380745GOIANESIA     GO0000000000000000                                                                       00
1040001300246R 01000000000000000000000000000000000000000000000000228012019000000000000200                                                                                                                                                       
1040001300247P 0101298027300700000000000140000000000298001122029800          2802201900000000000590000000099N2504201822802201900000000000060000000000000000000000000000000000000000000000000000000029800                    3001090090000000000 
1040001300248Q 012030168163000149DP MOREIRA TRANSPORTES ME               AVENIDA GOIAS NORTE                    CARRILHO       76380745GOIANESIA     GO0000000000000000                                                                       00
1040001300249R 01000000000000000000000000000000000000000000000000228022019000000000000200                                                                                                                                                       
1040001300250P 0101298027300700000000000140000000000298011122029801          2803201900000000000590000000099N2504201822803201900000000000060000000000000000000000000000000000000000000000000000000029801                    3001090090000000000 
1040001300251Q 012030168163000149DP MOREIRA TRANSPORTES ME               AVENIDA GOIAS NORTE                    CARRILHO       76380745GOIANESIA     GO0000000000000000                                                                       00
1040001300252R 01000000000000000000000000000000000000000000000000228032019000000000000200                                                                                                                                                       
1040001300253P 0101298027300700000000000140000000000298021122029802          2804201900000000000590000000099N2504201822804201900000000000060000000000000000000000000000000000000000000000000000000029802                    3001090090000000000 
1040001300254Q 012030168163000149DP MOREIRA TRANSPORTES ME               AVENIDA GOIAS NORTE                    CARRILHO       76380745GOIANESIA     GO0000000000000000                                                                       00
1040001300255R 01000000000000000000000000000000000000000000000000228042019000000000000200                                                                                                                                                       
10400015         000257000085000000000013393800000000000000000000000000000000000000000000000                                                                                                                                                    
10499999         000001000259                                                                                                                                                                                                                   