10400000         2116559540001590000000000000000000001298027300700000000FEDERAL SISTEMAS              CAIXA ECONOMICA FEDERAL                 10602201811123000001105000000                    REMESSA-PRODUCAO                                 
10400011R0100030 20116559540001592730070000000000000001298027300700000000FEDERAL SISTEMAS                                                                                              000000110602201800000000                                 
1040001300001P 010129802730070000000000014000000000009389112209389           1307201700000000000590000000099N090720172130720170000000000000000000000000000000000000000000000000000000000000000000009389                     3001700090000000000 
1040001300002Q 012009479761000142ANTONIO JOSE DE CARVALHO TRANS ME       RUA 22 N 351A                           CENTRO         76380000GOIANESIA     GO0000000000000000                                                                       0
1040001300003R 01000000000000000000000000000000000000000000000000213072017000000000000200                                                                                                                                                       
1040001300004P 0101298027300700000000000140000000000148001122014800          1307201700000000000500000000099N0907201721307201700000000000000000000000000000000000000000000000000000000000000000000014800                    3001700090000000000 
1040001300005Q 012009479761000142ANTONIO JOSE DE CARVALHO TRANS ME       RUA 22 N 351A                           CENTRO         76380000GOIANESIA     GO0000000000000000                                                                       0
1040001300006R 01000000000000000000000000000000000000000000000000213072017000000000000200                                                                                                                                                       
10400015         000008000002000000000000109000000000000000000000000000000000000000000000000                                                                                                                                                    
10499999         000001000010                                                                                                                                                                                                                   