10400000         2116559540001590000000000000000000001298027300700000000FEDERAL SISTEMAS              CAIXA ECONOMICA FEDERAL                 10406201806265400011305000000                    REMESSA-PRODUCAO                                 
10400011R0100030 20116559540001592730070000000000000001298027300700000000FEDERAL SISTEMAS                                                                                              000001130406201800000000                                 
1040001300001P 0101298027300700000000000140000000000312941122031294          1206201800000000001666600000099N2305201821206201800000000000060000000000000000000000000000000000000000000000000000000031294                    3001029090000000000 
1040001300002Q 011000085299685149ALISSON IVO DIAS                        RUA B NUMERO 25                         STA TEREZINHA  76310000RIALMA         GO0000000000000000                                                                       
1040001300003R 01000000000000000000000000000000000000000000000000212062018000000000000200                                                                                                                                                       
1040001300004P 0101298027300700000000000140000000000312951122031295          1207201800000000001666600000099N2305201821207201800000000000060000000000000000000000000000000000000000000000000000000031295                    3001029090000000000 
1040001300005Q 011000085299685149ALISSON IVO DIAS                        RUA B NUMERO 25                         STA TEREZINHA  76310000RIALMA         GO0000000000000000                                                                       
1040001300006R 01000000000000000000000000000000000000000000000000212072018000000000000200                                                                                                                                                       
1040001300007P 0101298027300700000000000140000000000312961122031296          1208201800000000001666600000099N2305201821208201800000000000060000000000000000000000000000000000000000000000000000000031296                    3001029090000000000 
1040001300008Q 011000085299685149ALISSON IVO DIAS                        RUA B NUMERO 25                         STA TEREZINHA  76310000RIALMA         GO0000000000000000                                                                       
1040001300009R 01000000000000000000000000000000000000000000000000212082018000000000000200                                                                                                                                                       
1040001300010P 0101298027300700000000000140000000000312971122031297          1209201800000000001666600000099N2305201821209201800000000000060000000000000000000000000000000000000000000000000000000031297                    3001029090000000000 
1040001300011Q 011000085299685149ALISSON IVO DIAS                        RUA B NUMERO 25                         STA TEREZINHA  76310000RIALMA         GO0000000000000000                                                                       
1040001300012R 01000000000000000000000000000000000000000000000000212092018000000000000200                                                                                                                                                       
1040001300013P 0101298027300700000000000140000000000312981122031298          1210201800000000001666600000099N2305201821210201800000000000060000000000000000000000000000000000000000000000000000000031298                    3001029090000000000 
1040001300014Q 011000085299685149ALISSON IVO DIAS                        RUA B NUMERO 25                         STA TEREZINHA  76310000RIALMA         GO0000000000000000                                                                       
1040001300015R 01000000000000000000000000000000000000000000000000212102018000000000000200                                                                                                                                                       
1040001300016P 0101298027300700000000000140000000000312991122031299          1211201800000000001666600000099N2305201821211201800000000000060000000000000000000000000000000000000000000000000000000031299                    3001029090000000000 
1040001300017Q 011000085299685149ALISSON IVO DIAS                        RUA B NUMERO 25                         STA TEREZINHA  76310000RIALMA         GO0000000000000000                                                                       
1040001300018R 01000000000000000000000000000000000000000000000000212112018000000000000200                                                                                                                                                       
1040001300019P 0101298027300700000000000140000000000313001122031300          1212201800000000001666600000099N2305201821212201800000000000060000000000000000000000000000000000000000000000000000000031300                    3001029090000000000 
1040001300020Q 011000085299685149ALISSON IVO DIAS                        RUA B NUMERO 25                         STA TEREZINHA  76310000RIALMA         GO0000000000000000                                                                       
1040001300021R 01000000000000000000000000000000000000000000000000212122018000000000000200                                                                                                                                                       
1040001300022P 0101298027300700000000000140000000000313011122031301          1201201900000000001666600000099N2305201821201201900000000000060000000000000000000000000000000000000000000000000000000031301                    3001029090000000000 
1040001300023Q 011000085299685149ALISSON IVO DIAS                        RUA B NUMERO 25                         STA TEREZINHA  76310000RIALMA         GO0000000000000000                                                                       
1040001300024R 01000000000000000000000000000000000000000000000000212012019000000000000200                                                                                                                                                       
1040001300025P 0101298027300700000000000140000000000313021122031302          1202201900000000001666600000099N2305201821202201900000000000060000000000000000000000000000000000000000000000000000000031302                    3001029090000000000 
1040001300026Q 011000085299685149ALISSON IVO DIAS                        RUA B NUMERO 25                         STA TEREZINHA  76310000RIALMA         GO0000000000000000                                                                       
1040001300027R 01000000000000000000000000000000000000000000000000212022019000000000000200                                                                                                                                                       
1040001300028P 0101298027300700000000000140000000000313031122031303          1203201900000000001666600000099N2305201821203201900000000000060000000000000000000000000000000000000000000000000000000031303                    3001029090000000000 
1040001300029Q 011000085299685149ALISSON IVO DIAS                        RUA B NUMERO 25                         STA TEREZINHA  76310000RIALMA         GO0000000000000000                                                                       
1040001300030R 01000000000000000000000000000000000000000000000000212032019000000000000200                                                                                                                                                       
1040001300031P 0101298027300700000000000140000000000313041122031304          1204201900000000001666600000099N2305201821204201900000000000060000000000000000000000000000000000000000000000000000000031304                    3001029090000000000 
1040001300032Q 011000085299685149ALISSON IVO DIAS                        RUA B NUMERO 25                         STA TEREZINHA  76310000RIALMA         GO0000000000000000                                                                       
1040001300033R 01000000000000000000000000000000000000000000000000212042019000000000000200                                                                                                                                                       
1040001300034P 0101298027300700000000000140000000000313051122031305          1205201900000000001666600000099N2305201821205201900000000000060000000000000000000000000000000000000000000000000000000031305                    3001029090000000000 
1040001300035Q 011000085299685149ALISSON IVO DIAS                        RUA B NUMERO 25                         STA TEREZINHA  76310000RIALMA         GO0000000000000000                                                                       
1040001300036R 01000000000000000000000000000000000000000000000000212052019000000000000200                                                                                                                                                       
1040001300037P 0101298027300700000000000140000000000313061122031306          1206201900000000001666600000099N2305201821206201900000000000060000000000000000000000000000000000000000000000000000000031306                    3001029090000000000 
1040001300038Q 011000085299685149ALISSON IVO DIAS                        RUA B NUMERO 25                         STA TEREZINHA  76310000RIALMA         GO0000000000000000                                                                       
1040001300039R 01000000000000000000000000000000000000000000000000212062019000000000000200                                                                                                                                                       
1040001300040P 0101298027300700000000000140000000000313071122031307          1207201900000000001666600000099N2305201821207201900000000000060000000000000000000000000000000000000000000000000000000031307                    3001029090000000000 
1040001300041Q 011000085299685149ALISSON IVO DIAS                        RUA B NUMERO 25                         STA TEREZINHA  76310000RIALMA         GO0000000000000000                                                                       
1040001300042R 01000000000000000000000000000000000000000000000000212072019000000000000200                                                                                                                                                       
1040001300043P 0101298027300700000000000140000000000313081122031308          1208201900000000001666600000099N2305201821208201900000000000060000000000000000000000000000000000000000000000000000000031308                    3001029090000000000 
1040001300044Q 011000085299685149ALISSON IVO DIAS                        RUA B NUMERO 25                         STA TEREZINHA  76310000RIALMA         GO0000000000000000                                                                       
1040001300045R 01000000000000000000000000000000000000000000000000212082019000000000000200                                                                                                                                                       
10400015         000047000015000000000002499900000000000000000000000000000000000000000000000                                                                                                                                                    
10499999         000001000049                                                                                                                                                                                                                   