10400000         2116559540001590000000000000000000001298027300700000000FEDERAL SISTEMAS              CAIXA ECONOMICA FEDERAL                 11408201808594700015905000000                    REMESSA-PRODUCAO                                 
10400011R0100030 20116559540001592730070000000000000001298027300700000000FEDERAL SISTEMAS                                                                                              000001591408201800000000                                 
1040001300001P 0101298027300700000000000140000000000341981122034198          2708201800000000021440000000099N0108201822708201800000000000060000000000000000000000000000000000000000000000000000000034198                    3001029090000000000 
1040001300002Q 012002199795000134EDMAR VILELA                            AV. PRESIDENTE VARGAS                   CENTRO         76300000CERES          GO0000000000000000                                                                       
1040001300003R 01000000000000000000000000000000000000000000000000227082018000000000000200                                                                                                                                                       
1040001300004P 0101298027300700000000000140000000000341991122034199          1508201800000000002000000000099N0108201821508201800000000000060000000000000000000000000000000000000000000000000000000034199                    3001029090000000000 
1040001300005Q 012010807374000177BOA SAFRA SEMENTES LTDA                 AV. PRESIDENTE VARGAS                   CENTRO         76300000CERES          GO0000000000000000                                                                       
1040001300006R 01000000000000000000000000000000000000000000000000215082018000000000000200                                                                                                                                                       
1040001300007P 0101298027300700000000000140000000000342001122034200          1508201800000000005000000000099N0108201821508201800000000000060000000000000000000000000000000000000000000000000000000034200                    3001029090000000000 
1040001300008Q 012010760310000168NOBRE ALIMENTOS LTDA                    AV. PRESIDENTE VARGAS                   CENTRO         76300000CERES          GO0000000000000000                                                                       
1040001300009R 01000000000000000000000000000000000000000000000000215082018000000000000200                                                                                                                                                       
1040001300010P 0101298027300700000000000140000000000342141122034214          2009201800000000002500000000099N0208201822009201800000000000060000000000000000000000000000000000000000000000000000000034214                    3001029090000000000 
1040001300011Q 012025135773000106JOAO MOREIRA PIMENTA                    AV. PRESIDENTE VARGAS                   CENTRO         76300000CERES          GO0000000000000000                                                                       
1040001300012R 01000000000000000000000000000000000000000000000000220092018000000000000200                                                                                                                                                       
1040001300013P 0101298027300700000000000140000000000342151122034215          2010201800000000002500000000099N0208201822010201800000000000060000000000000000000000000000000000000000000000000000000034215                    3001029090000000000 
1040001300014Q 012025135773000106JOAO MOREIRA PIMENTA                    AV. PRESIDENTE VARGAS                   CENTRO         76300000CERES          GO0000000000000000                                                                       
1040001300015R 01000000000000000000000000000000000000000000000000220102018000000000000200                                                                                                                                                       
1040001300016P 0101298027300700000000000140000000000342161122034216          2011201800000000002500000000099N0208201822011201800000000000060000000000000000000000000000000000000000000000000000000034216                    3001029090000000000 
1040001300017Q 012025135773000106JOAO MOREIRA PIMENTA                    AV. PRESIDENTE VARGAS                   CENTRO         76300000CERES          GO0000000000000000                                                                       
1040001300018R 01000000000000000000000000000000000000000000000000220112018000000000000200                                                                                                                                                       
1040001300019P 0101298027300700000000000140000000000342171122034217          2012201800000000002500000000099N0208201822012201800000000000060000000000000000000000000000000000000000000000000000000034217                    3001029090000000000 
1040001300020Q 012025135773000106JOAO MOREIRA PIMENTA                    AV. PRESIDENTE VARGAS                   CENTRO         76300000CERES          GO0000000000000000                                                                       
1040001300021R 01000000000000000000000000000000000000000000000000220122018000000000000200                                                                                                                                                       
1040001300022P 0101298027300700000000000140000000000342181122034218          2001201900000000002500000000099N0208201822001201900000000000060000000000000000000000000000000000000000000000000000000034218                    3001029090000000000 
1040001300023Q 012025135773000106JOAO MOREIRA PIMENTA                    AV. PRESIDENTE VARGAS                   CENTRO         76300000CERES          GO0000000000000000                                                                       
1040001300024R 01000000000000000000000000000000000000000000000000220012019000000000000200                                                                                                                                                       
1040001300025P 0101298027300700000000000140000000000342191122034219          2002201900000000002500000000099N0208201822002201900000000000060000000000000000000000000000000000000000000000000000000034219                    3001029090000000000 
1040001300026Q 012025135773000106JOAO MOREIRA PIMENTA                    AV. PRESIDENTE VARGAS                   CENTRO         76300000CERES          GO0000000000000000                                                                       
1040001300027R 01000000000000000000000000000000000000000000000000220022019000000000000200                                                                                                                                                       
1040001300028P 0101298027300700000000000140000000000342201122034220          2003201900000000002500000000099N0208201822003201900000000000060000000000000000000000000000000000000000000000000000000034220                    3001029090000000000 
1040001300029Q 012025135773000106JOAO MOREIRA PIMENTA                    AV. PRESIDENTE VARGAS                   CENTRO         76300000CERES          GO0000000000000000                                                                       
1040001300030R 01000000000000000000000000000000000000000000000000220032019000000000000200                                                                                                                                                       
1040001300031P 0101298027300700000000000140000000000342211122034221          2004201900000000002500000000099N0208201822004201900000000000060000000000000000000000000000000000000000000000000000000034221                    3001029090000000000 
1040001300032Q 012025135773000106JOAO MOREIRA PIMENTA                    AV. PRESIDENTE VARGAS                   CENTRO         76300000CERES          GO0000000000000000                                                                       
1040001300033R 01000000000000000000000000000000000000000000000000220042019000000000000200                                                                                                                                                       
1040001300034P 0101298027300700000000000140000000000342221122034222          2005201900000000002500000000099N0208201822005201900000000000060000000000000000000000000000000000000000000000000000000034222                    3001029090000000000 
1040001300035Q 012025135773000106JOAO MOREIRA PIMENTA                    AV. PRESIDENTE VARGAS                   CENTRO         76300000CERES          GO0000000000000000                                                                       
1040001300036R 01000000000000000000000000000000000000000000000000220052019000000000000200                                                                                                                                                       
1040001300037P 0101298027300700000000000140000000000342231122034223          2006201900000000002500000000099N0208201822006201900000000000060000000000000000000000000000000000000000000000000000000034223                    3001029090000000000 
1040001300038Q 012025135773000106JOAO MOREIRA PIMENTA                    AV. PRESIDENTE VARGAS                   CENTRO         76300000CERES          GO0000000000000000                                                                       
1040001300039R 01000000000000000000000000000000000000000000000000220062019000000000000200                                                                                                                                                       
1040001300040P 0101298027300700000000000140000000000342241122034224          2007201900000000002500000000099N0208201822007201900000000000060000000000000000000000000000000000000000000000000000000034224                    3001029090000000000 
1040001300041Q 012025135773000106JOAO MOREIRA PIMENTA                    AV. PRESIDENTE VARGAS                   CENTRO         76300000CERES          GO0000000000000000                                                                       
1040001300042R 01000000000000000000000000000000000000000000000000220072019000000000000200                                                                                                                                                       
1040001300043P 0101298027300700000000000140000000000342251122034225          2008201900000000002500000000099N0208201822008201900000000000060000000000000000000000000000000000000000000000000000000034225                    3001029090000000000 
1040001300044Q 012025135773000106JOAO MOREIRA PIMENTA                    AV. PRESIDENTE VARGAS                   CENTRO         76300000CERES          GO0000000000000000                                                                       
1040001300045R 01000000000000000000000000000000000000000000000000220082019000000000000200                                                                                                                                                       
1040001300046P 0101298027300700000000000140000000000353521122035352          1010201800000000000499000000099N0708201821010201800000000000060000000000000000000000000000000000000000000000000000000035352                    3001029090000000000 
1040001300047Q 011000001526900858SILVIO ACEDO                            AV. PRESIDENTE VARGAS                   CENTRO         76300000CERES          GO0000000000000000                                                                       
1040001300048R 01000000000000000000000000000000000000000000000000210102018000000000000200                                                                                                                                                       
1040001300049P 0101298027300700000000000140000000000353531122035353          1011201800000000000499000000099N0708201821011201800000000000060000000000000000000000000000000000000000000000000000000035353                    3001029090000000000 
1040001300050Q 011000001526900858SILVIO ACEDO                            AV. PRESIDENTE VARGAS                   CENTRO         76300000CERES          GO0000000000000000                                                                       
1040001300051R 01000000000000000000000000000000000000000000000000210112018000000000000200                                                                                                                                                       
1040001300052P 0101298027300700000000000140000000000353541122035354          1012201800000000000499000000099N0708201821012201800000000000060000000000000000000000000000000000000000000000000000000035354                    3001029090000000000 
1040001300053Q 011000001526900858SILVIO ACEDO                            AV. PRESIDENTE VARGAS                   CENTRO         76300000CERES          GO0000000000000000                                                                       
1040001300054R 01000000000000000000000000000000000000000000000000210122018000000000000200                                                                                                                                                       
1040001300055P 0101298027300700000000000140000000000353551122035355          1001201900000000000499000000099N0708201821001201900000000000060000000000000000000000000000000000000000000000000000000035355                    3001029090000000000 
1040001300056Q 011000001526900858SILVIO ACEDO                            AV. PRESIDENTE VARGAS                   CENTRO         76300000CERES          GO0000000000000000                                                                       
1040001300057R 01000000000000000000000000000000000000000000000000210012019000000000000200                                                                                                                                                       
1040001300058P 0101298027300700000000000140000000000353561122035356          1002201900000000000499000000099N0708201821002201900000000000060000000000000000000000000000000000000000000000000000000035356                    3001029090000000000 
1040001300059Q 011000001526900858SILVIO ACEDO                            AV. PRESIDENTE VARGAS                   CENTRO         76300000CERES          GO0000000000000000                                                                       
1040001300060R 01000000000000000000000000000000000000000000000000210022019000000000000200                                                                                                                                                       
1040001300061P 0101298027300700000000000140000000000353571122035357          1003201900000000000499000000099N0708201821003201900000000000060000000000000000000000000000000000000000000000000000000035357                    3001029090000000000 
1040001300062Q 011000001526900858SILVIO ACEDO                            AV. PRESIDENTE VARGAS                   CENTRO         76300000CERES          GO0000000000000000                                                                       
1040001300063R 01000000000000000000000000000000000000000000000000210032019000000000000200                                                                                                                                                       
1040001300064P 0101298027300700000000000140000000000353581122035358          1004201900000000000499000000099N0708201821004201900000000000060000000000000000000000000000000000000000000000000000000035358                    3001029090000000000 
1040001300065Q 011000001526900858SILVIO ACEDO                            AV. PRESIDENTE VARGAS                   CENTRO         76300000CERES          GO0000000000000000                                                                       
1040001300066R 01000000000000000000000000000000000000000000000000210042019000000000000200                                                                                                                                                       
1040001300067P 0101298027300700000000000140000000000353591122035359          1005201900000000000499000000099N0708201821005201900000000000060000000000000000000000000000000000000000000000000000000035359                    3001029090000000000 
1040001300068Q 011000001526900858SILVIO ACEDO                            AV. PRESIDENTE VARGAS                   CENTRO         76300000CERES          GO0000000000000000                                                                       
1040001300069R 01000000000000000000000000000000000000000000000000210052019000000000000200                                                                                                                                                       
1040001300070P 0101298027300700000000000140000000000353601122035360          1006201900000000000499000000099N0708201821006201900000000000060000000000000000000000000000000000000000000000000000000035360                    3001029090000000000 
1040001300071Q 011000001526900858SILVIO ACEDO                            AV. PRESIDENTE VARGAS                   CENTRO         76300000CERES          GO0000000000000000                                                                       
1040001300072R 01000000000000000000000000000000000000000000000000210062019000000000000200                                                                                                                                                       
1040001300073P 0101298027300700000000000140000000000353611122035361          1007201900000000000499000000099N0708201821007201900000000000060000000000000000000000000000000000000000000000000000000035361                    3001029090000000000 
1040001300074Q 011000001526900858SILVIO ACEDO                            AV. PRESIDENTE VARGAS                   CENTRO         76300000CERES          GO0000000000000000                                                                       
1040001300075R 01000000000000000000000000000000000000000000000000210072019000000000000200                                                                                                                                                       
1040001300076P 0101298027300700000000000140000000000353621122035362          1008201900000000000499000000099N0708201821008201900000000000060000000000000000000000000000000000000000000000000000000035362                    3001029090000000000 
1040001300077Q 011000001526900858SILVIO ACEDO                            AV. PRESIDENTE VARGAS                   CENTRO         76300000CERES          GO0000000000000000                                                                       
1040001300078R 01000000000000000000000000000000000000000000000000210082019000000000000200                                                                                                                                                       
1040001300079P 0101298027300700000000000140000000000353631122035363          1009201900000000000499000000099N0708201821009201900000000000060000000000000000000000000000000000000000000000000000000035363                    3001029090000000000 
1040001300080Q 011000001526900858SILVIO ACEDO                            AV. PRESIDENTE VARGAS                   CENTRO         76300000CERES          GO0000000000000000                                                                       
1040001300081R 01000000000000000000000000000000000000000000000000210092019000000000000200                                                                                                                                                       
1040001300082P 0101298027300700000000000140000000000353641122035364          1508201800000000017250000000099N0808201821508201800000000000060000000000000000000000000000000000000000000000000000000035364                    3001029090000000000 
1040001300083Q 012001378322000131LACEL LATICINIO CERES LTDA              AV. PRESIDENTE VARGAS                   CENTRO         76300000CERES          GO0000000000000000                                                                       
1040001300084R 01000000000000000000000000000000000000000000000000215082018000000000000200                                                                                                                                                       
1040001300085P 0101298027300700000000000140000000000353671122035367          1508201800000000002370000000099N0908201821508201800000000000060000000000000000000000000000000000000000000000000000000035367                    3001029090000000000 
1040001300086Q 011000058707956053FLAVIO MARQUES DE ARAUJO                AV. PRESIDENTE VARGAS                   CENTRO         76300000CERES          GO0000000000000000                                                                       
1040001300087R 01000000000000000000000000000000000000000000000000215082018000000000000200                                                                                                                                                       
1040001300088P 0101298027300700000000000140000000000353681122035368          1508201800000000002370000000099N0908201821508201800000000000060000000000000000000000000000000000000000000000000000000035368                    3001029090000000000 
1040001300089Q 011000058707956053FLAVIO MARQUES DE ARAUJO                AV. PRESIDENTE VARGAS                   CENTRO         76300000CERES          GO0000000000000000                                                                       
1040001300090R 01000000000000000000000000000000000000000000000000215082018000000000000200                                                                                                                                                       
1040001300091P 0101298027300700000000000140000000000353711122035371          2009201800000000001180000000099N1308201822009201800000000000060000000000000000000000000000000000000000000000000000000035371                    3001029090000000000 
1040001300092Q 011000000194097102CARLOS ANDRE BORGES LIMA                AV. PRESIDENTE VARGAS                   CENTRO         76300000CERES          GO0000000000000000                                                                       
1040001300093R 01000000000000000000000000000000000000000000000000220092018000000000000200                                                                                                                                                       
1040001300094P 0101298027300700000000000140000000000353721122035372          2010201800000000001180000000099N1308201822010201800000000000060000000000000000000000000000000000000000000000000000000035372                    3001029090000000000 
1040001300095Q 011000000194097102CARLOS ANDRE BORGES LIMA                AV. PRESIDENTE VARGAS                   CENTRO         76300000CERES          GO0000000000000000                                                                       
1040001300096R 01000000000000000000000000000000000000000000000000220102018000000000000200                                                                                                                                                       
1040001300097P 0101298027300700000000000140000000000353731122035373          2011201800000000001180000000099N1308201822011201800000000000060000000000000000000000000000000000000000000000000000000035373                    3001029090000000000 
1040001300098Q 011000000194097102CARLOS ANDRE BORGES LIMA                AV. PRESIDENTE VARGAS                   CENTRO         76300000CERES          GO0000000000000000                                                                       
1040001300099R 01000000000000000000000000000000000000000000000000220112018000000000000200                                                                                                                                                       
1040001300100P 0101298027300700000000000140000000000353741122035374          2012201800000000001180000000099N1308201822012201800000000000060000000000000000000000000000000000000000000000000000000035374                    3001029090000000000 
1040001300101Q 011000000194097102CARLOS ANDRE BORGES LIMA                AV. PRESIDENTE VARGAS                   CENTRO         76300000CERES          GO0000000000000000                                                                       
1040001300102R 01000000000000000000000000000000000000000000000000220122018000000000000200                                                                                                                                                       
1040001300103P 0101298027300700000000000140000000000353751122035375          2001201900000000001180000000099N1308201822001201900000000000060000000000000000000000000000000000000000000000000000000035375                    3001029090000000000 
1040001300104Q 011000000194097102CARLOS ANDRE BORGES LIMA                AV. PRESIDENTE VARGAS                   CENTRO         76300000CERES          GO0000000000000000                                                                       
1040001300105R 01000000000000000000000000000000000000000000000000220012019000000000000200                                                                                                                                                       
1040001300106P 0101298027300700000000000140000000000353761122035376          2002201900000000001180000000099N1308201822002201900000000000060000000000000000000000000000000000000000000000000000000035376                    3001029090000000000 
1040001300107Q 011000000194097102CARLOS ANDRE BORGES LIMA                AV. PRESIDENTE VARGAS                   CENTRO         76300000CERES          GO0000000000000000                                                                       
1040001300108R 01000000000000000000000000000000000000000000000000220022019000000000000200                                                                                                                                                       
1040001300109P 0101298027300700000000000140000000000353771122035377          2003201900000000001180000000099N1308201822003201900000000000060000000000000000000000000000000000000000000000000000000035377                    3001029090000000000 
1040001300110Q 011000000194097102CARLOS ANDRE BORGES LIMA                AV. PRESIDENTE VARGAS                   CENTRO         76300000CERES          GO0000000000000000                                                                       
1040001300111R 01000000000000000000000000000000000000000000000000220032019000000000000200                                                                                                                                                       
1040001300112P 0101298027300700000000000140000000000353781122035378          2004201900000000001180000000099N1308201822004201900000000000060000000000000000000000000000000000000000000000000000000035378                    3001029090000000000 
1040001300113Q 011000000194097102CARLOS ANDRE BORGES LIMA                AV. PRESIDENTE VARGAS                   CENTRO         76300000CERES          GO0000000000000000                                                                       
1040001300114R 01000000000000000000000000000000000000000000000000220042019000000000000200                                                                                                                                                       
1040001300115P 0101298027300700000000000140000000000353791122035379          2005201900000000001180000000099N1308201822005201900000000000060000000000000000000000000000000000000000000000000000000035379                    3001029090000000000 
1040001300116Q 011000000194097102CARLOS ANDRE BORGES LIMA                AV. PRESIDENTE VARGAS                   CENTRO         76300000CERES          GO0000000000000000                                                                       
1040001300117R 01000000000000000000000000000000000000000000000000220052019000000000000200                                                                                                                                                       
1040001300118P 0101298027300700000000000140000000000353801122035380          2006201900000000001180000000099N1308201822006201900000000000060000000000000000000000000000000000000000000000000000000035380                    3001029090000000000 
1040001300119Q 011000000194097102CARLOS ANDRE BORGES LIMA                AV. PRESIDENTE VARGAS                   CENTRO         76300000CERES          GO0000000000000000                                                                       
1040001300120R 01000000000000000000000000000000000000000000000000220062019000000000000200                                                                                                                                                       
1040001300121P 0101298027300700000000000140000000000353811122035381          2007201900000000001180000000099N1308201822007201900000000000060000000000000000000000000000000000000000000000000000000035381                    3001029090000000000 
1040001300122Q 011000000194097102CARLOS ANDRE BORGES LIMA                AV. PRESIDENTE VARGAS                   CENTRO         76300000CERES          GO0000000000000000                                                                       
1040001300123R 01000000000000000000000000000000000000000000000000220072019000000000000200                                                                                                                                                       
1040001300124P 0101298027300700000000000140000000000353821122035382          2008201900000000001180000000099N1308201822008201900000000000060000000000000000000000000000000000000000000000000000000035382                    3001029090000000000 
1040001300125Q 011000000194097102CARLOS ANDRE BORGES LIMA                AV. PRESIDENTE VARGAS                   CENTRO         76300000CERES          GO0000000000000000                                                                       
1040001300126R 01000000000000000000000000000000000000000000000000220082019000000000000200                                                                                                                                                       
1040001300127P 0101298027300700000000000140000000000353841122035384          0309201800000000001500000000099N1308201820309201800000000000060000000000000000000000000000000000000000000000000000000035384                    3001029090000000000 
1040001300128Q 011000000194097102CARLOS ANDRE BORGES LIMA                AV. PRESIDENTE VARGAS                   CENTRO         76300000CERES          GO0000000000000000                                                                       
1040001300129R 01000000000000000000000000000000000000000000000000203092018000000000000200                                                                                                                                                       
1040001300130P 0101298027300700000000000140000000000353851122035385          1308201800000000000099000000099N1308201821308201800000000000060000000000000000000000000000000000000000000000000000000035385                    3001029090000000000 
1040001300131Q 011000005122683980VITOR HUGO AZEVEDO PUGAS                AV. PRESIDENTE VARGAS                   CENTRO         76300000CERES          GO0000000000000000                                                                       
1040001300132R 01000000000000000000000000000000000000000000000000213082018000000000000200                                                                                                                                                       
1040001300133P 0101298027300700000000000140000000000353861122035386          1508201800000000000099000000099N1308201821508201800000000000060000000000000000000000000000000000000000000000000000000035386                    3001029090000000000 
1040001300134Q 011000063524848249IGOR PEREIRA SALVADOR                   AV. PRESIDENTE VARGAS                   CENTRO         76300000CERES          GO0000000000000000                                                                       
1040001300135R 01000000000000000000000000000000000000000000000000215082018000000000000200                                                                                                                                                       
1040001300136P 0101298027300700000000000140000000000353871122035387          0109201800000000012670000000099N1308201820109201800000000000060000000000000000000000000000000000000000000000000000000035387                    3001029090000000000 
1040001300137Q 011000006751341610CRISTIANO RODRIGO DE MORAES BORGES      AV. PRESIDENTE VARGAS                   CENTRO         76300000CERES          GO0000000000000000                                                                       
1040001300138R 01000000000000000000000000000000000000000000000000201092018000000000000200                                                                                                                                                       
10400015         000140000046000000000011494600000000000000000000000000000000000000000000000                                                                                                                                                    
10499999         000001000142                                                                                                                                                                                                                   