10400000         2116559540001590000000000000000000001298027300700000000FEDERAL SISTEMAS              CAIXA ECONOMICA FEDERAL                 11203201815590900003805000000                    REMESSA-PRODUCAO                                 
10400011R0100030 20116559540001592730070000000000000001298027300700000000FEDERAL SISTEMAS                                                                                              000000381203201800000000                                 
1040001300001P 0101298027300700000000000140000000000274591122027459          1007201800000000001596000000099N0903201821007201800000000000000000000000000000000000000000000000000000000000000000000027459                    3001700090000000000 
1040001300002Q 011000024299618149SEBASTIAO EURIPEDES FONSECA            RUA 13 QD 62A                           CENTRO         76380000GOIANESIA     GO0000000000000000                                                                       00
1040001300003R 01000000000000000000000000000000000000000000000000210072018000000000000200                                                                                                                                                       
1040001300004P 0101298027300700000000000140000000000274601122027460          1008201800000000001596000000099N0903201821008201800000000000000000000000000000000000000000000000000000000000000000000027460                    3001700090000000000 
1040001300005Q 011000024299618149SEBASTIAO EURIPEDES FONSECA            RUA 13 QD 62A                           CENTRO         76380000GOIANESIA     GO0000000000000000                                                                       00
1040001300006R 01000000000000000000000000000000000000000000000000210082018000000000000200                                                                                                                                                       
1040001300007P 0101298027300700000000000140000000000274611122027461          1009201800000000001596000000099N0903201821009201800000000000000000000000000000000000000000000000000000000000000000000027461                    3001700090000000000 
1040001300008Q 011000024299618149SEBASTIAO EURIPEDES FONSECA            RUA 13 QD 62A                           CENTRO         76380000GOIANESIA     GO0000000000000000                                                                       00
1040001300009R 01000000000000000000000000000000000000000000000000210092018000000000000200                                                                                                                                                       
1040001300010P 0101298027300700000000000140000000000274621122027462          1010201800000000001596000000099N0903201821010201800000000000000000000000000000000000000000000000000000000000000000000027462                    3001700090000000000 
1040001300011Q 011000024299618149SEBASTIAO EURIPEDES FONSECA            RUA 13 QD 62A                           CENTRO         76380000GOIANESIA     GO0000000000000000                                                                       00
1040001300012R 01000000000000000000000000000000000000000000000000210102018000000000000200                                                                                                                                                       
1040001300013P 0101298027300700000000000140000000000274631122027463          1011201800000000001596000000099N0903201821011201800000000000000000000000000000000000000000000000000000000000000000000027463                    3001700090000000000 
1040001300014Q 011000024299618149SEBASTIAO EURIPEDES FONSECA            RUA 13 QD 62A                           CENTRO         76380000GOIANESIA     GO0000000000000000                                                                       00
1040001300015R 01000000000000000000000000000000000000000000000000210112018000000000000200                                                                                                                                                       
1040001300016P 0101298027300700000000000140000000000274641122027464          1012201800000000001596000000099N0903201821012201800000000000000000000000000000000000000000000000000000000000000000000027464                    3001700090000000000 
1040001300017Q 011000024299618149SEBASTIAO EURIPEDES FONSECA            RUA 13 QD 62A                           CENTRO         76380000GOIANESIA     GO0000000000000000                                                                       00
1040001300018R 01000000000000000000000000000000000000000000000000210122018000000000000200                                                                                                                                                       
1040001300019P 0101298027300700000000000140000000000274651122027465          1001201900000000001596000000099N0903201821001201900000000000000000000000000000000000000000000000000000000000000000000027465                    3001700090000000000 
1040001300020Q 011000024299618149SEBASTIAO EURIPEDES FONSECA            RUA 13 QD 62A                           CENTRO         76380000GOIANESIA     GO0000000000000000                                                                       00
1040001300021R 01000000000000000000000000000000000000000000000000210012019000000000000200                                                                                                                                                       
1040001300022P 0101298027300700000000000140000000000274661122027466          1002201900000000001596000000099N0903201821002201900000000000000000000000000000000000000000000000000000000000000000000027466                    3001700090000000000 
1040001300023Q 011000024299618149SEBASTIAO EURIPEDES FONSECA            RUA 13 QD 62A                           CENTRO         76380000GOIANESIA     GO0000000000000000                                                                       00
1040001300024R 01000000000000000000000000000000000000000000000000210022019000000000000200                                                                                                                                                       
1040001300025P 0101298027300700000000000140000000000274671122027467          1003201900000000001596000000099N0903201821003201900000000000000000000000000000000000000000000000000000000000000000000027467                    3001700090000000000 
1040001300026Q 011000024299618149SEBASTIAO EURIPEDES FONSECA            RUA 13 QD 62A                           CENTRO         76380000GOIANESIA     GO0000000000000000                                                                       00
1040001300027R 01000000000000000000000000000000000000000000000000210032019000000000000200                                                                                                                                                       
1040001300028P 0101298027300700000000000140000000000274681122027468          1004201900000000001596000000099N0903201821004201900000000000000000000000000000000000000000000000000000000000000000000027468                    3001700090000000000 
1040001300029Q 011000024299618149SEBASTIAO EURIPEDES FONSECA            RUA 13 QD 62A                           CENTRO         76380000GOIANESIA     GO0000000000000000                                                                       00
1040001300030R 01000000000000000000000000000000000000000000000000210042019000000000000200                                                                                                                                                       
1040001300031P 0101298027300700000000000140000000000274691122027469          1005201900000000001596000000099N0903201821005201900000000000000000000000000000000000000000000000000000000000000000000027469                    3001700090000000000 
1040001300032Q 011000024299618149SEBASTIAO EURIPEDES FONSECA            RUA 13 QD 62A                           CENTRO         76380000GOIANESIA     GO0000000000000000                                                                       00
1040001300033R 01000000000000000000000000000000000000000000000000210052019000000000000200                                                                                                                                                       
1040001300034P 0101298027300700000000000140000000000274701122027470          1006201900000000001596000000099N0903201821006201900000000000000000000000000000000000000000000000000000000000000000000027470                    3001700090000000000 
1040001300035Q 011000024299618149SEBASTIAO EURIPEDES FONSECA            RUA 13 QD 62A                           CENTRO         76380000GOIANESIA     GO0000000000000000                                                                       00
1040001300036R 01000000000000000000000000000000000000000000000000210062019000000000000200                                                                                                                                                       
10400015         000038000012000000000001915200000000000000000000000000000000000000000000000                                                                                                                                                    
10499999         000001000040                                                                                                                                                                                                                   