10400000         2116559540001590000000000000000000001298027300700000000FEDERAL SISTEMAS              CAIXA ECONOMICA FEDERAL                 10807201816105100014905000000                    REMESSA-PRODUCAO                                 
10400011R0100030 20116559540001592730070000000000000001298027300700000000FEDERAL SISTEMAS                                                                                              000001490807201800000000                                 
1040001300001P 0101298027300700000000000140000000000328701122032870          1007201800000000001188000000099N0507201821007201800000000000060000000000000000000000000000000000000000000000000000000032870                    3001029090000000000 
1040001300002Q 011000000245905502CARLITO DE OLIVEIRA PORTO               RUA A CASA 85 VILA EMURC                               45020615VITORIA DA CONQBA0000000000000000                                                                       
1040001300003R 01000000000000000000000000000000000000000000000000210072018000000000000200                                                                                                                                                       
1040001300004P 0101298027300700000000000140000000000328711122032871          2007201800000000001100000000099N0507201822007201800000000000060000000000000000000000000000000000000000000000000000000032871                    3001029090000000000 
1040001300005Q 011000064024644149NATAL BATISTA DOS SANTOS                RUA 35 LESTE                            SAO CRISTOVAO  76381101GOIANESIA      GO0000000000000000                                                                       
1040001300006R 01000000000000000000000000000000000000000000000000220072018000000000000200                                                                                                                                                       
1040001300007P 0101298027300700000000000140000000000328721122032872          2008201800000000001100000000099N0507201822008201800000000000060000000000000000000000000000000000000000000000000000000032872                    3001029090000000000 
1040001300008Q 011000064024644149NATAL BATISTA DOS SANTOS                RUA 35 LESTE                            SAO CRISTOVAO  76381101GOIANESIA      GO0000000000000000                                                                       
1040001300009R 01000000000000000000000000000000000000000000000000220082018000000000000200                                                                                                                                                       
1040001300010P 0101298027300700000000000140000000000328731122032873          2009201800000000001100000000099N0507201822009201800000000000060000000000000000000000000000000000000000000000000000000032873                    3001029090000000000 
1040001300011Q 011000064024644149NATAL BATISTA DOS SANTOS                RUA 35 LESTE                            SAO CRISTOVAO  76381101GOIANESIA      GO0000000000000000                                                                       
1040001300012R 01000000000000000000000000000000000000000000000000220092018000000000000200                                                                                                                                                       
1040001300013P 0101298027300700000000000140000000000328741122032874          2010201800000000001100000000099N0507201822010201800000000000060000000000000000000000000000000000000000000000000000000032874                    3001029090000000000 
1040001300014Q 011000064024644149NATAL BATISTA DOS SANTOS                RUA 35 LESTE                            SAO CRISTOVAO  76381101GOIANESIA      GO0000000000000000                                                                       
1040001300015R 01000000000000000000000000000000000000000000000000220102018000000000000200                                                                                                                                                       
1040001300016P 0101298027300700000000000140000000000328751122032875          2007201800000000072275000000099N0507201822007201800000000000060000000000000000000000000000000000000000000000000000000032875                    3001029090000000000 
1040001300017Q 012004094192000101AGRO-RUBI AGROPECUARIA LTDA             ROD GO 434 KM 23 5                      ZONA RURAL     76350000ABADIA DE GOIASGO0000000000000000                                                                       
1040001300018R 01000000000000000000000000000000000000000000000000220072018000000000000200                                                                                                                                                       
1040001300019P 0101298027300700000000000140000000000328761122032876          2007201800000000091326200000099N0507201822007201800000000000060000000000000000000000000000000000000000000000000000000032876                    3001029090000000000 
1040001300020Q 011000001522833404PAULO FERNANDO CAVALCANTE DE MORAIS E OUFAZ BOA ESPERANCA KM5 QD 0 LT 0 N 05    ZONA RURAL     76343000               GO0000000000000000                                                                       
1040001300021R 01000000000000000000000000000000000000000000000000220072018000000000000200                                                                                                                                                       
1040001300022P 0101298027300700000000000140000000000328771122032877          2007201800000000039895800000099N0507201822007201800000000000060000000000000000000000000000000000000000000000000000000032877                    3001029090000000000 
1040001300023Q 012007987748000179URUACU ACUCAR E ALCOOL LTDA             ESTRADA UR - 04 KM 13                   ZONA RURAL     76400000ABADIA DE GOIASGO0000000000000000                                                                       
1040001300024R 01000000000000000000000000000000000000000000000000220072018000000000000200                                                                                                                                                       
1040001300025P 0101298027300700000000000140000000000328781122032878          2007201800000000008330000000099N0507201822007201800000000000060000000000000000000000000000000000000000000000000000000032878                    3001029090000000000 
1040001300026Q 012007987748000179URUACU ACUCAR E ALCOOL LTDA             ESTRADA UR - 04 KM 13                   ZONA RURAL     76400000ABADIA DE GOIASGO0000000000000000                                                                       
1040001300027R 01000000000000000000000000000000000000000000000000220072018000000000000200                                                                                                                                                       
1040001300028P 0101298027300700000000000140000000000328791122032879          2007201800000000007516600000099N0507201822007201800000000000060000000000000000000000000000000000000000000000000000000032879                    3001029090000000000 
1040001300029Q 012003937452000192CRV INDUSTRIAL                          FAZENDA BOA VISTA KM 25                 ZONA SUBURBAN  76340000ABADIA DE GOIASGO0000000000000000                                                                       
1040001300030R 01000000000000000000000000000000000000000000000000220072018000000000000200                                                                                                                                                       
10400015         000032000010000000000022493160000000000000000000000000000000000000000000000                                                                                                                                                    
10499999         000001000034                                                                                                                                                                                                                   