10400000         2116559540001590000000000000000000001298027300700000000FEDERAL SISTEMAS              CAIXA ECONOMICA FEDERAL                 10802201818443800001705000000                    REMESSA-PRODUCAO                                 
10400011R0100030 20116559540001592730070000000000000001298027300700000000FEDERAL SISTEMAS                                                                                              000000170802201800000000                                 
1040001300001P 0101298027300700000000000140000000000261031122026103          2002201800000000002500000000099N0802201822002201800000000000000000000000000000000000000000000000000000000000000000000026103                    3001700090000000000 
1040001300002Q 012029398367000197TRANSPORTADORA UNIAO EIRELI             R 20 LESTE                              CENTRO         76380118GOIANESIA     GO0000000000000000                                                                       0
1040001300003R 01000000000000000000000000000000000000000000000000220022018000000000000200                                                                                                                                                       
1040001300004P 0101298027300700000000000140000000000261041122026104          2003201800000000000590000000099N0802201822003201800000000000000000000000000000000000000000000000000000000000000000000026104                    3001700090000000000 
1040001300005Q 012029398367000197TRANSPORTADORA UNIAO EIRELI             R 20 LESTE                              CENTRO         76380118GOIANESIA     GO0000000000000000                                                                       0
1040001300006R 01000000000000000000000000000000000000000000000000220032018000000000000200                                                                                                                                                       
1040001300007P 0101298027300700000000000140000000000261051122026105          2004201800000000000590000000099N0802201822004201800000000000000000000000000000000000000000000000000000000000000000000026105                    3001700090000000000 
1040001300008Q 012029398367000197TRANSPORTADORA UNIAO EIRELI             R 20 LESTE                              CENTRO         76380118GOIANESIA     GO0000000000000000                                                                       0
1040001300009R 01000000000000000000000000000000000000000000000000220042018000000000000200                                                                                                                                                       
1040001300010P 0101298027300700000000000140000000000261061122026106          2005201800000000000590000000099N0802201822005201800000000000000000000000000000000000000000000000000000000000000000000026106                    3001700090000000000 
1040001300011Q 012029398367000197TRANSPORTADORA UNIAO EIRELI             R 20 LESTE                              CENTRO         76380118GOIANESIA     GO0000000000000000                                                                       0
1040001300012R 01000000000000000000000000000000000000000000000000220052018000000000000200                                                                                                                                                       
1040001300013P 0101298027300700000000000140000000000261071122026107          2006201800000000000590000000099N0802201822006201800000000000000000000000000000000000000000000000000000000000000000000026107                    3001700090000000000 
1040001300014Q 012029398367000197TRANSPORTADORA UNIAO EIRELI             R 20 LESTE                              CENTRO         76380118GOIANESIA     GO0000000000000000                                                                       0
1040001300015R 01000000000000000000000000000000000000000000000000220062018000000000000200                                                                                                                                                       
1040001300016P 0101298027300700000000000140000000000261081122026108          2007201800000000000590000000099N0802201822007201800000000000000000000000000000000000000000000000000000000000000000000026108                    3001700090000000000 
1040001300017Q 012029398367000197TRANSPORTADORA UNIAO EIRELI             R 20 LESTE                              CENTRO         76380118GOIANESIA     GO0000000000000000                                                                       0
1040001300018R 01000000000000000000000000000000000000000000000000220072018000000000000200                                                                                                                                                       
1040001300019P 0101298027300700000000000140000000000261091122026109          2008201800000000000590000000099N0802201822008201800000000000000000000000000000000000000000000000000000000000000000000026109                    3001700090000000000 
1040001300020Q 012029398367000197TRANSPORTADORA UNIAO EIRELI             R 20 LESTE                              CENTRO         76380118GOIANESIA     GO0000000000000000                                                                       0
1040001300021R 01000000000000000000000000000000000000000000000000220082018000000000000200                                                                                                                                                       
1040001300022P 0101298027300700000000000140000000000261101122026110          2009201800000000000590000000099N0802201822009201800000000000000000000000000000000000000000000000000000000000000000000026110                    3001700090000000000 
1040001300023Q 012029398367000197TRANSPORTADORA UNIAO EIRELI             R 20 LESTE                              CENTRO         76380118GOIANESIA     GO0000000000000000                                                                       0
1040001300024R 01000000000000000000000000000000000000000000000000220092018000000000000200                                                                                                                                                       
1040001300025P 0101298027300700000000000140000000000261111122026111          2010201800000000000590000000099N0802201822010201800000000000000000000000000000000000000000000000000000000000000000000026111                    3001700090000000000 
1040001300026Q 012029398367000197TRANSPORTADORA UNIAO EIRELI             R 20 LESTE                              CENTRO         76380118GOIANESIA     GO0000000000000000                                                                       0
1040001300027R 01000000000000000000000000000000000000000000000000220102018000000000000200                                                                                                                                                       
1040001300028P 0101298027300700000000000140000000000261121122026112          2011201800000000000590000000099N0802201822011201800000000000000000000000000000000000000000000000000000000000000000000026112                    3001700090000000000 
1040001300029Q 012029398367000197TRANSPORTADORA UNIAO EIRELI             R 20 LESTE                              CENTRO         76380118GOIANESIA     GO0000000000000000                                                                       0
1040001300030R 01000000000000000000000000000000000000000000000000220112018000000000000200                                                                                                                                                       
1040001300031P 0101298027300700000000000140000000000261131122026113          2012201800000000000590000000099N0802201822012201800000000000000000000000000000000000000000000000000000000000000000000026113                    3001700090000000000 
1040001300032Q 012029398367000197TRANSPORTADORA UNIAO EIRELI             R 20 LESTE                              CENTRO         76380118GOIANESIA     GO0000000000000000                                                                       0
1040001300033R 01000000000000000000000000000000000000000000000000220122018000000000000200                                                                                                                                                       
1040001300034P 0101298027300700000000000140000000000261141122026114          2001201900000000000590000000099N0802201822001201900000000000000000000000000000000000000000000000000000000000000000000026114                    3001700090000000000 
1040001300035Q 012029398367000197TRANSPORTADORA UNIAO EIRELI             R 20 LESTE                              CENTRO         76380118GOIANESIA     GO0000000000000000                                                                       0
1040001300036R 01000000000000000000000000000000000000000000000000220012019000000000000200                                                                                                                                                       
1040001300037P 0101298027300700000000000140000000000261151122026115          2002201900000000000590000000099N0802201822002201900000000000000000000000000000000000000000000000000000000000000000000026115                    3001700090000000000 
1040001300038Q 012029398367000197TRANSPORTADORA UNIAO EIRELI             R 20 LESTE                              CENTRO         76380118GOIANESIA     GO0000000000000000                                                                       0
1040001300039R 01000000000000000000000000000000000000000000000000220022019000000000000200                                                                                                                                                       
1040001300040P 0101298027300700000000000140000000000261161122026116          1502201800000000000590000000099N0802201821502201800000000000000000000000000000000000000000000000000000000000000000000026116                    3001700090000000000 
1040001300041Q 012007465183000160DEUSILIA MARIA DA SILVA ME              RUA 22 SN QD 06 LT 18 A 21              ST BELA VISTA  76390000BARRO ALTO     GO0000000000000000                                                                       
1040001300042R 01000000000000000000000000000000000000000000000000215022018000000000000200                                                                                                                                                       
1040001300043P 0101298027300700000000000140000000000261171122026117          2002201800000000000590000000099N0802201822002201800000000000000000000000000000000000000000000000000000000000000000000026117                    3001700090000000000 
1040001300044Q 012007465183000160DEUSILIA MARIA DA SILVA ME              RUA 22 SN QD 06 LT 18 A 21              ST BELA VISTA  76390000BARRO ALTO     GO0000000000000000                                                                       
1040001300045R 01000000000000000000000000000000000000000000000000220022018000000000000200                                                                                                                                                       
1040001300046P 0101298027300700000000000140000000000261181122026118          2003201800000000000590000000099N0802201822003201800000000000000000000000000000000000000000000000000000000000000000000026118                    3001700090000000000 
1040001300047Q 012007465183000160DEUSILIA MARIA DA SILVA ME              RUA 22 SN QD 06 LT 18 A 21              ST BELA VISTA  76390000BARRO ALTO     GO0000000000000000                                                                       
1040001300048R 01000000000000000000000000000000000000000000000000220032018000000000000200                                                                                                                                                       
1040001300049P 0101298027300700000000000140000000000261191122026119          2004201800000000000590000000099N0802201822004201800000000000000000000000000000000000000000000000000000000000000000000026119                    3001700090000000000 
1040001300050Q 012007465183000160DEUSILIA MARIA DA SILVA ME              RUA 22 SN QD 06 LT 18 A 21              ST BELA VISTA  76390000BARRO ALTO     GO0000000000000000                                                                       
1040001300051R 01000000000000000000000000000000000000000000000000220042018000000000000200                                                                                                                                                       
1040001300052P 0101298027300700000000000140000000000261201122026120          2005201800000000000590000000099N0802201822005201800000000000000000000000000000000000000000000000000000000000000000000026120                    3001700090000000000 
1040001300053Q 012007465183000160DEUSILIA MARIA DA SILVA ME              RUA 22 SN QD 06 LT 18 A 21              ST BELA VISTA  76390000BARRO ALTO     GO0000000000000000                                                                       
1040001300054R 01000000000000000000000000000000000000000000000000220052018000000000000200                                                                                                                                                       
1040001300055P 0101298027300700000000000140000000000261211122026121          2006201800000000000590000000099N0802201822006201800000000000000000000000000000000000000000000000000000000000000000000026121                    3001700090000000000 
1040001300056Q 012007465183000160DEUSILIA MARIA DA SILVA ME              RUA 22 SN QD 06 LT 18 A 21              ST BELA VISTA  76390000BARRO ALTO     GO0000000000000000                                                                       
1040001300057R 01000000000000000000000000000000000000000000000000220062018000000000000200                                                                                                                                                       
1040001300058P 0101298027300700000000000140000000000261221122026122          2007201800000000000590000000099N0802201822007201800000000000000000000000000000000000000000000000000000000000000000000026122                    3001700090000000000 
1040001300059Q 012007465183000160DEUSILIA MARIA DA SILVA ME              RUA 22 SN QD 06 LT 18 A 21              ST BELA VISTA  76390000BARRO ALTO     GO0000000000000000                                                                       
1040001300060R 01000000000000000000000000000000000000000000000000220072018000000000000200                                                                                                                                                       
1040001300061P 0101298027300700000000000140000000000261231122026123          2008201800000000000590000000099N0802201822008201800000000000000000000000000000000000000000000000000000000000000000000026123                    3001700090000000000 
1040001300062Q 012007465183000160DEUSILIA MARIA DA SILVA ME              RUA 22 SN QD 06 LT 18 A 21              ST BELA VISTA  76390000BARRO ALTO     GO0000000000000000                                                                       
1040001300063R 01000000000000000000000000000000000000000000000000220082018000000000000200                                                                                                                                                       
1040001300064P 0101298027300700000000000140000000000261241122026124          2009201800000000000590000000099N0802201822009201800000000000000000000000000000000000000000000000000000000000000000000026124                    3001700090000000000 
1040001300065Q 012007465183000160DEUSILIA MARIA DA SILVA ME              RUA 22 SN QD 06 LT 18 A 21              ST BELA VISTA  76390000BARRO ALTO     GO0000000000000000                                                                       
1040001300066R 01000000000000000000000000000000000000000000000000220092018000000000000200                                                                                                                                                       
1040001300067P 0101298027300700000000000140000000000261251122026125          2010201800000000000590000000099N0802201822010201800000000000000000000000000000000000000000000000000000000000000000000026125                    3001700090000000000 
1040001300068Q 012007465183000160DEUSILIA MARIA DA SILVA ME              RUA 22 SN QD 06 LT 18 A 21              ST BELA VISTA  76390000BARRO ALTO     GO0000000000000000                                                                       
1040001300069R 01000000000000000000000000000000000000000000000000220102018000000000000200                                                                                                                                                       
1040001300070P 0101298027300700000000000140000000000261261122026126          2011201800000000000590000000099N0802201822011201800000000000000000000000000000000000000000000000000000000000000000000026126                    3001700090000000000 
1040001300071Q 012007465183000160DEUSILIA MARIA DA SILVA ME              RUA 22 SN QD 06 LT 18 A 21              ST BELA VISTA  76390000BARRO ALTO     GO0000000000000000                                                                       
1040001300072R 01000000000000000000000000000000000000000000000000220112018000000000000200                                                                                                                                                       
1040001300073P 0101298027300700000000000140000000000261271122026127          2012201800000000000590000000099N0802201822012201800000000000000000000000000000000000000000000000000000000000000000000026127                    3001700090000000000 
1040001300074Q 012007465183000160DEUSILIA MARIA DA SILVA ME              RUA 22 SN QD 06 LT 18 A 21              ST BELA VISTA  76390000BARRO ALTO     GO0000000000000000                                                                       
1040001300075R 01000000000000000000000000000000000000000000000000220122018000000000000200                                                                                                                                                       
1040001300076P 0101298027300700000000000140000000000261281122026128          2001201900000000000590000000099N0802201822001201900000000000000000000000000000000000000000000000000000000000000000000026128                    3001700090000000000 
1040001300077Q 012007465183000160DEUSILIA MARIA DA SILVA ME              RUA 22 SN QD 06 LT 18 A 21              ST BELA VISTA  76390000BARRO ALTO     GO0000000000000000                                                                       
1040001300078R 01000000000000000000000000000000000000000000000000220012019000000000000200                                                                                                                                                       
1040001300079P 0101298027300700000000000140000000000261291122026129          1003201800000000000650000000099N0802201821003201800000000000000000000000000000000000000000000000000000000000000000000026129                    3001700090000000000 
1040001300080Q 011000019841191172JOAO PEREIRA DA SILVA                   RODOVIA GO 080 KM 56,3 ZONA RURAL       ZONA RURAL     76380000GOIANESIA      GO0000000000000000                                                                       
1040001300081R 01000000000000000000000000000000000000000000000000210032018000000000000200                                                                                                                                                       
1040001300082P 0101298027300700000000000140000000000261301122026130          0902201800000000000300000000099N0802201820902201800000000000000000000000000000000000000000000000000000000000000000000026130                    3001700090000000000 
1040001300083Q 011000075852268372ANTONIO JOSE DE MATOS DA SILVA          RUA RAIMUNDO JOSE DA SILVA             PAJUCARA      61932090MARACANAU     CE0000000000000000                                                                       000
1040001300084R 01000000000000000000000000000000000000000000000000209022018000000000000200                                                                                                                                                       
1040001300085P 0101298027300700000000000140000000000261311122026131          1004201800000000000650000000099N0802201821004201800000000000000000000000000000000000000000000000000000000000000000000026131                    3001700090000000000 
1040001300086Q 011000019841191172JOAO PEREIRA DA SILVA                   RODOVIA GO 080 KM 56,3 ZONA RURAL       ZONA RURAL     76380000GOIANESIA      GO0000000000000000                                                                       
1040001300087R 01000000000000000000000000000000000000000000000000210042018000000000000200                                                                                                                                                       
1040001300088P 0101298027300700000000000140000000000261321122026132          1005201800000000000650000000099N0802201821005201800000000000000000000000000000000000000000000000000000000000000000000026132                    3001700090000000000 
1040001300089Q 011000019841191172JOAO PEREIRA DA SILVA                   RODOVIA GO 080 KM 56,3 ZONA RURAL       ZONA RURAL     76380000GOIANESIA      GO0000000000000000                                                                       
1040001300090R 01000000000000000000000000000000000000000000000000210052018000000000000200                                                                                                                                                       
1040001300091P 0101298027300700000000000140000000000261331122026133          1006201800000000000650000000099N0802201821006201800000000000000000000000000000000000000000000000000000000000000000000026133                    3001700090000000000 
1040001300092Q 011000019841191172JOAO PEREIRA DA SILVA                   RODOVIA GO 080 KM 56,3 ZONA RURAL       ZONA RURAL     76380000GOIANESIA      GO0000000000000000                                                                       
1040001300093R 01000000000000000000000000000000000000000000000000210062018000000000000200                                                                                                                                                       
1040001300094P 0101298027300700000000000140000000000261341122026134          1007201800000000000650000000099N0802201821007201800000000000000000000000000000000000000000000000000000000000000000000026134                    3001700090000000000 
1040001300095Q 011000019841191172JOAO PEREIRA DA SILVA                   RODOVIA GO 080 KM 56,3 ZONA RURAL       ZONA RURAL     76380000GOIANESIA      GO0000000000000000                                                                       
1040001300096R 01000000000000000000000000000000000000000000000000210072018000000000000200                                                                                                                                                       
1040001300097P 0101298027300700000000000140000000000261351122026135          1008201800000000000650000000099N0802201821008201800000000000000000000000000000000000000000000000000000000000000000000026135                    3001700090000000000 
1040001300098Q 011000019841191172JOAO PEREIRA DA SILVA                   RODOVIA GO 080 KM 56,3 ZONA RURAL       ZONA RURAL     76380000GOIANESIA      GO0000000000000000                                                                       
1040001300099R 01000000000000000000000000000000000000000000000000210082018000000000000200                                                                                                                                                       
1040001300100P 0101298027300700000000000140000000000261361122026136          1009201800000000000650000000099N0802201821009201800000000000000000000000000000000000000000000000000000000000000000000026136                    3001700090000000000 
1040001300101Q 011000019841191172JOAO PEREIRA DA SILVA                   RODOVIA GO 080 KM 56,3 ZONA RURAL       ZONA RURAL     76380000GOIANESIA      GO0000000000000000                                                                       
1040001300102R 01000000000000000000000000000000000000000000000000210092018000000000000200                                                                                                                                                       
1040001300103P 0101298027300700000000000140000000000261371122026137          1010201800000000000650000000099N0802201821010201800000000000000000000000000000000000000000000000000000000000000000000026137                    3001700090000000000 
1040001300104Q 011000019841191172JOAO PEREIRA DA SILVA                   RODOVIA GO 080 KM 56,3 ZONA RURAL       ZONA RURAL     76380000GOIANESIA      GO0000000000000000                                                                       
1040001300105R 01000000000000000000000000000000000000000000000000210102018000000000000200                                                                                                                                                       
1040001300106P 0101298027300700000000000140000000000261381122026138          1011201800000000000650000000099N0802201821011201800000000000000000000000000000000000000000000000000000000000000000000026138                    3001700090000000000 
1040001300107Q 011000019841191172JOAO PEREIRA DA SILVA                   RODOVIA GO 080 KM 56,3 ZONA RURAL       ZONA RURAL     76380000GOIANESIA      GO0000000000000000                                                                       
1040001300108R 01000000000000000000000000000000000000000000000000210112018000000000000200                                                                                                                                                       
1040001300109P 0101298027300700000000000140000000000261391122026139          1012201800000000000650000000099N0802201821012201800000000000000000000000000000000000000000000000000000000000000000000026139                    3001700090000000000 
1040001300110Q 011000019841191172JOAO PEREIRA DA SILVA                   RODOVIA GO 080 KM 56,3 ZONA RURAL       ZONA RURAL     76380000GOIANESIA      GO0000000000000000                                                                       
1040001300111R 01000000000000000000000000000000000000000000000000210122018000000000000200                                                                                                                                                       
1040001300112P 0101298027300700000000000140000000000261401122026140          1001201900000000000650000000099N0802201821001201900000000000000000000000000000000000000000000000000000000000000000000026140                    3001700090000000000 
1040001300113Q 011000019841191172JOAO PEREIRA DA SILVA                   RODOVIA GO 080 KM 56,3 ZONA RURAL       ZONA RURAL     76380000GOIANESIA      GO0000000000000000                                                                       
1040001300114R 01000000000000000000000000000000000000000000000000210012019000000000000200                                                                                                                                                       
1040001300115P 0101298027300700000000000140000000000261411122026141          1002201900000000000650000000099N0802201821002201900000000000000000000000000000000000000000000000000000000000000000000026141                    3001700090000000000 
1040001300116Q 011000019841191172JOAO PEREIRA DA SILVA                   RODOVIA GO 080 KM 56,3 ZONA RURAL       ZONA RURAL     76380000GOIANESIA      GO0000000000000000                                                                       
1040001300117R 01000000000000000000000000000000000000000000000000210022019000000000000200                                                                                                                                                       
1040001300118P 0101298027300700000000000140000000000261421122026142          1003201900000000000650000000099N0802201821003201900000000000000000000000000000000000000000000000000000000000000000000026142                    3001700090000000000 
1040001300119Q 011000019841191172JOAO PEREIRA DA SILVA                   RODOVIA GO 080 KM 56,3 ZONA RURAL       ZONA RURAL     76380000GOIANESIA      GO0000000000000000                                                                       
1040001300120R 01000000000000000000000000000000000000000000000000210032019000000000000200                                                                                                                                                       
1040001300121P 0101298027300700000000000140000000000261431122026143          1004201900000000000650000000099N0802201821004201900000000000000000000000000000000000000000000000000000000000000000000026143                    3001700090000000000 
1040001300122Q 011000019841191172JOAO PEREIRA DA SILVA                   RODOVIA GO 080 KM 56,3 ZONA RURAL       ZONA RURAL     76380000GOIANESIA      GO0000000000000000                                                                       
1040001300123R 01000000000000000000000000000000000000000000000000210042019000000000000200                                                                                                                                                       
1040001300124P 0101298027300700000000000140000000000261441122026144          1005201900000000000650000000099N0802201821005201900000000000000000000000000000000000000000000000000000000000000000000026144                    3001700090000000000 
1040001300125Q 011000019841191172JOAO PEREIRA DA SILVA                   RODOVIA GO 080 KM 56,3 ZONA RURAL       ZONA RURAL     76380000GOIANESIA      GO0000000000000000                                                                       
1040001300126R 01000000000000000000000000000000000000000000000000210052019000000000000200                                                                                                                                                       
1040001300127P 0101298027300700000000000140000000000261451122026145          1006201900000000000650000000099N0802201821006201900000000000000000000000000000000000000000000000000000000000000000000026145                    3001700090000000000 
1040001300128Q 011000019841191172JOAO PEREIRA DA SILVA                   RODOVIA GO 080 KM 56,3 ZONA RURAL       ZONA RURAL     76380000GOIANESIA      GO0000000000000000                                                                       
1040001300129R 01000000000000000000000000000000000000000000000000210062019000000000000200                                                                                                                                                       
1040001300130P 0101298027300700000000000140000000000261461122026146          1007201900000000000650000000099N0802201821007201900000000000000000000000000000000000000000000000000000000000000000000026146                    3001700090000000000 
1040001300131Q 011000019841191172JOAO PEREIRA DA SILVA                   RODOVIA GO 080 KM 56,3 ZONA RURAL       ZONA RURAL     76380000GOIANESIA      GO0000000000000000                                                                       
1040001300132R 01000000000000000000000000000000000000000000000000210072019000000000000200                                                                                                                                                       
1040001300133P 0101298027300700000000000140000000000261471122026147          1008201900000000000650000000099N0802201821008201900000000000000000000000000000000000000000000000000000000000000000000026147                    3001700090000000000 
1040001300134Q 011000019841191172JOAO PEREIRA DA SILVA                   RODOVIA GO 080 KM 56,3 ZONA RURAL       ZONA RURAL     76380000GOIANESIA      GO0000000000000000                                                                       
1040001300135R 01000000000000000000000000000000000000000000000000210082019000000000000200                                                                                                                                                       
1040001300136P 0101298027300700000000000140000000000261481122026148          1009201900000000000650000000099N0802201821009201900000000000000000000000000000000000000000000000000000000000000000000026148                    3001700090000000000 
1040001300137Q 011000019841191172JOAO PEREIRA DA SILVA                   RODOVIA GO 080 KM 56,3 ZONA RURAL       ZONA RURAL     76380000GOIANESIA      GO0000000000000000                                                                       
1040001300138R 01000000000000000000000000000000000000000000000000210092019000000000000200                                                                                                                                                       
1040001300139P 0101298027300700000000000140000000000261491122026149          1010201900000000000650000000099N0802201821010201900000000000000000000000000000000000000000000000000000000000000000000026149                    3001700090000000000 
1040001300140Q 011000019841191172JOAO PEREIRA DA SILVA                   RODOVIA GO 080 KM 56,3 ZONA RURAL       ZONA RURAL     76380000GOIANESIA      GO0000000000000000                                                                       
1040001300141R 01000000000000000000000000000000000000000000000000210102019000000000000200                                                                                                                                                       
1040001300142P 0101298027300700000000000140000000000261501122026150          1011201900000000000650000000099N0802201821011201900000000000000000000000000000000000000000000000000000000000000000000026150                    3001700090000000000 
1040001300143Q 011000019841191172JOAO PEREIRA DA SILVA                   RODOVIA GO 080 KM 56,3 ZONA RURAL       ZONA RURAL     76380000GOIANESIA      GO0000000000000000                                                                       
1040001300144R 01000000000000000000000000000000000000000000000000210112019000000000000200                                                                                                                                                       
1040001300145P 0101298027300700000000000140000000000261511122026151          1012201900000000000650000000099N0802201821012201900000000000000000000000000000000000000000000000000000000000000000000026151                    3001700090000000000 
1040001300146Q 011000019841191172JOAO PEREIRA DA SILVA                   RODOVIA GO 080 KM 56,3 ZONA RURAL       ZONA RURAL     76380000GOIANESIA      GO0000000000000000                                                                       
1040001300147R 01000000000000000000000000000000000000000000000000210122019000000000000200                                                                                                                                                       
1040001300148P 0101298027300700000000000140000000000261521122026152          1001202000000000000650000000099N0802201821001202000000000000000000000000000000000000000000000000000000000000000000000026152                    3001700090000000000 
1040001300149Q 011000019841191172JOAO PEREIRA DA SILVA                   RODOVIA GO 080 KM 56,3 ZONA RURAL       ZONA RURAL     76380000GOIANESIA      GO0000000000000000                                                                       
1040001300150R 01000000000000000000000000000000000000000000000000210012020000000000000200                                                                                                                                                       
1040001300151P 0101298027300700000000000140000000000261531122026153          1002202000000000000650000000099N0802201821002202000000000000000000000000000000000000000000000000000000000000000000000026153                    3001700090000000000 
1040001300152Q 011000019841191172JOAO PEREIRA DA SILVA                   RODOVIA GO 080 KM 56,3 ZONA RURAL       ZONA RURAL     76380000GOIANESIA      GO0000000000000000                                                                       
1040001300153R 01000000000000000000000000000000000000000000000000210022020000000000000200                                                                                                                                                       
10400015         000155000051000000000003315000000000000000000000000000000000000000000000000                                                                                                                                                    
10499999         000001000157                                                                                                                                                                                                                   