10400000         2116559540001590000000000000000000001298027300700000000FEDERAL SISTEMAS              CAIXA ECONOMICA FEDERAL                 11304201812162600007405000000                    REMESSA-PRODUCAO                                 
10400011R0100030 20116559540001592730070000000000000001298027300700000000FEDERAL SISTEMAS                                                                                              000000741304201800000000                                 
1040001300001P 0101298027300700000000000140000000000291251122029125          1504201800000000032450000000099N0204201821504201800000000000060000000000000000000000000000000000000000000000000000000029125                    3001090090000000000 
1040001300002Q 012002460988000105USINA GOIANESIA SA                      RODOVIA GO 438 KM 12                    ZONA RURAL     76380000GOIANESIA      GO0000000000000000                                                                       
1040001300003R 01000000000000000000000000000000000000000000000000215042018000000000000200                                                                                                                                                       
10400015         000005000001000000000003245000000000000000000000000000000000000000000000000                                                                                                                                                    
10499999         000001000007                                                                                                                                                                                                                   