10400000         2116559540001590000000000000000000001298027300700000000FEDERAL SISTEMAS              CAIXA ECONOMICA FEDERAL                 11603201816411800004005000000                    REMESSA-PRODUCAO                                 
10400011R0100030 20116559540001592730070000000000000001298027300700000000FEDERAL SISTEMAS                                                                                              000000401603201800000000                                 
1040001300001P 0101298027300700000000000140000000000276761122027676          1004201800000000000150000000099N1403201821004201800000000000060000000000000000000000000000000000000000000000000000000027676                    3001090090000000000 
1040001300002Q 012011102140000197EXPLORER INFORMATICA EIRELI - EPP       R ALFREDO DE PADUA                      CENTRO         76300000CERES          GO0000000000000000                                                                       
1040001300003R 01000000000000000000000000000000000000000000000000210042018000000000000200                                                                                                                                                       
1040001300004P 0101298027300700000000000140000000000276771122027677          1005201800000000000150000000099N1403201821005201800000000000060000000000000000000000000000000000000000000000000000000027677                    3001090090000000000 
1040001300005Q 012011102140000197EXPLORER INFORMATICA EIRELI - EPP       R ALFREDO DE PADUA                      CENTRO         76300000CERES          GO0000000000000000                                                                       
1040001300006R 01000000000000000000000000000000000000000000000000210052018000000000000200                                                                                                                                                       
1040001300007P 0101298027300700000000000140000000000276781122027678          1006201800000000000150000000099N1403201821006201800000000000060000000000000000000000000000000000000000000000000000000027678                    3001090090000000000 
1040001300008Q 012011102140000197EXPLORER INFORMATICA EIRELI - EPP       R ALFREDO DE PADUA                      CENTRO         76300000CERES          GO0000000000000000                                                                       
1040001300009R 01000000000000000000000000000000000000000000000000210062018000000000000200                                                                                                                                                       
1040001300010P 0101298027300700000000000140000000000276791122027679          1007201800000000000150000000099N1403201821007201800000000000060000000000000000000000000000000000000000000000000000000027679                    3001090090000000000 
1040001300011Q 012011102140000197EXPLORER INFORMATICA EIRELI - EPP       R ALFREDO DE PADUA                      CENTRO         76300000CERES          GO0000000000000000                                                                       
1040001300012R 01000000000000000000000000000000000000000000000000210072018000000000000200                                                                                                                                                       
1040001300013P 0101298027300700000000000140000000000276801122027680          1008201800000000000150000000099N1403201821008201800000000000060000000000000000000000000000000000000000000000000000000027680                    3001090090000000000 
1040001300014Q 012011102140000197EXPLORER INFORMATICA EIRELI - EPP       R ALFREDO DE PADUA                      CENTRO         76300000CERES          GO0000000000000000                                                                       
1040001300015R 01000000000000000000000000000000000000000000000000210082018000000000000200                                                                                                                                                       
1040001300016P 0101298027300700000000000140000000000276811122027681          1009201800000000000150000000099N1403201821009201800000000000060000000000000000000000000000000000000000000000000000000027681                    3001090090000000000 
1040001300017Q 012011102140000197EXPLORER INFORMATICA EIRELI - EPP       R ALFREDO DE PADUA                      CENTRO         76300000CERES          GO0000000000000000                                                                       
1040001300018R 01000000000000000000000000000000000000000000000000210092018000000000000200                                                                                                                                                       
1040001300019P 0101298027300700000000000140000000000276821122027682          1010201800000000000150000000099N1403201821010201800000000000060000000000000000000000000000000000000000000000000000000027682                    3001090090000000000 
1040001300020Q 012011102140000197EXPLORER INFORMATICA EIRELI - EPP       R ALFREDO DE PADUA                      CENTRO         76300000CERES          GO0000000000000000                                                                       
1040001300021R 01000000000000000000000000000000000000000000000000210102018000000000000200                                                                                                                                                       
1040001300022P 0101298027300700000000000140000000000276831122027683          1011201800000000000150000000099N1403201821011201800000000000060000000000000000000000000000000000000000000000000000000027683                    3001090090000000000 
1040001300023Q 012011102140000197EXPLORER INFORMATICA EIRELI - EPP       R ALFREDO DE PADUA                      CENTRO         76300000CERES          GO0000000000000000                                                                       
1040001300024R 01000000000000000000000000000000000000000000000000210112018000000000000200                                                                                                                                                       
1040001300025P 0101298027300700000000000140000000000276841122027684          1012201800000000000150000000099N1403201821012201800000000000060000000000000000000000000000000000000000000000000000000027684                    3001090090000000000 
1040001300026Q 012011102140000197EXPLORER INFORMATICA EIRELI - EPP       R ALFREDO DE PADUA                      CENTRO         76300000CERES          GO0000000000000000                                                                       
1040001300027R 01000000000000000000000000000000000000000000000000210122018000000000000200                                                                                                                                                       
1040001300028P 0101298027300700000000000140000000000276851122027685          1001201900000000000150000000099N1403201821001201900000000000060000000000000000000000000000000000000000000000000000000027685                    3001090090000000000 
1040001300029Q 012011102140000197EXPLORER INFORMATICA EIRELI - EPP       R ALFREDO DE PADUA                      CENTRO         76300000CERES          GO0000000000000000                                                                       
1040001300030R 01000000000000000000000000000000000000000000000000210012019000000000000200                                                                                                                                                       
1040001300031P 0101298027300700000000000140000000000276861122027686          1002201900000000000150000000099N1403201821002201900000000000060000000000000000000000000000000000000000000000000000000027686                    3001090090000000000 
1040001300032Q 012011102140000197EXPLORER INFORMATICA EIRELI - EPP       R ALFREDO DE PADUA                      CENTRO         76300000CERES          GO0000000000000000                                                                       
1040001300033R 01000000000000000000000000000000000000000000000000210022019000000000000200                                                                                                                                                       
1040001300034P 0101298027300700000000000140000000000276871122027687          1003201900000000000150000000099N1403201821003201900000000000060000000000000000000000000000000000000000000000000000000027687                    3001090090000000000 
1040001300035Q 012011102140000197EXPLORER INFORMATICA EIRELI - EPP       R ALFREDO DE PADUA                      CENTRO         76300000CERES          GO0000000000000000                                                                       
1040001300036R 01000000000000000000000000000000000000000000000000210032019000000000000200                                                                                                                                                       
1040001300037P 0101298027300700000000000140000000000276881122027688          1503201800000000000150000000099N1403201821503201800000000000060000000000000000000000000000000000000000000000000000000027688                    3001090090000000000 
1040001300038Q 011000008189940619PAULINE ANTONIO DA SILVA MIRANDA        RUA VILMAR LAGES                        VIENA          33944225RIBEIRãO DAS NMG0000000000000000                                                                       
1040001300039R 01000000000000000000000000000000000000000000000000215032018000000000000200                                                                                                                                                       
1040001300040P 0101298027300700000000000140000000000276891122027689          1504201800000000000150000000099N1403201821504201800000000000060000000000000000000000000000000000000000000000000000000027689                    3001090090000000000 
1040001300041Q 011000008189940619PAULINE ANTONIO DA SILVA MIRANDA        RUA VILMAR LAGES                        VIENA          33944225RIBEIRãO DAS NMG0000000000000000                                                                       
1040001300042R 01000000000000000000000000000000000000000000000000215042018000000000000200                                                                                                                                                       
1040001300043P 0101298027300700000000000140000000000276911122027691          1506201800000000000150000000099N1403201821506201800000000000060000000000000000000000000000000000000000000000000000000027691                    3001090090000000000 
1040001300044Q 011000008189940619PAULINE ANTONIO DA SILVA MIRANDA        RUA VILMAR LAGES                        VIENA          33944225RIBEIRãO DAS NMG0000000000000000                                                                       
1040001300045R 01000000000000000000000000000000000000000000000000215062018000000000000200                                                                                                                                                       
1040001300046P 0101298027300700000000000140000000000276921122027692          1507201800000000000150000000099N1403201821507201800000000000060000000000000000000000000000000000000000000000000000000027692                    3001090090000000000 
1040001300047Q 011000008189940619PAULINE ANTONIO DA SILVA MIRANDA        RUA VILMAR LAGES                        VIENA          33944225RIBEIRãO DAS NMG0000000000000000                                                                       
1040001300048R 01000000000000000000000000000000000000000000000000215072018000000000000200                                                                                                                                                       
1040001300049P 0101298027300700000000000140000000000276931122027693          1508201800000000000150000000099N1403201821508201800000000000060000000000000000000000000000000000000000000000000000000027693                    3001090090000000000 
1040001300050Q 011000008189940619PAULINE ANTONIO DA SILVA MIRANDA        RUA VILMAR LAGES                        VIENA          33944225RIBEIRãO DAS NMG0000000000000000                                                                       
1040001300051R 01000000000000000000000000000000000000000000000000215082018000000000000200                                                                                                                                                       
1040001300052P 0101298027300700000000000140000000000276941122027694          1509201800000000000150000000099N1403201821509201800000000000060000000000000000000000000000000000000000000000000000000027694                    3001090090000000000 
1040001300053Q 011000008189940619PAULINE ANTONIO DA SILVA MIRANDA        RUA VILMAR LAGES                        VIENA          33944225RIBEIRãO DAS NMG0000000000000000                                                                       
1040001300054R 01000000000000000000000000000000000000000000000000215092018000000000000200                                                                                                                                                       
1040001300055P 0101298027300700000000000140000000000276951122027695          1510201800000000000150000000099N1403201821510201800000000000060000000000000000000000000000000000000000000000000000000027695                    3001090090000000000 
1040001300056Q 011000008189940619PAULINE ANTONIO DA SILVA MIRANDA        RUA VILMAR LAGES                        VIENA          33944225RIBEIRãO DAS NMG0000000000000000                                                                       
1040001300057R 01000000000000000000000000000000000000000000000000215102018000000000000200                                                                                                                                                       
1040001300058P 0101298027300700000000000140000000000276961122027696          1511201800000000000150000000099N1403201821511201800000000000060000000000000000000000000000000000000000000000000000000027696                    3001090090000000000 
1040001300059Q 011000008189940619PAULINE ANTONIO DA SILVA MIRANDA        RUA VILMAR LAGES                        VIENA          33944225RIBEIRãO DAS NMG0000000000000000                                                                       
1040001300060R 01000000000000000000000000000000000000000000000000215112018000000000000200                                                                                                                                                       
1040001300061P 0101298027300700000000000140000000000276971122027697          1512201800000000000150000000099N1403201821512201800000000000060000000000000000000000000000000000000000000000000000000027697                    3001090090000000000 
1040001300062Q 011000008189940619PAULINE ANTONIO DA SILVA MIRANDA        RUA VILMAR LAGES                        VIENA          33944225RIBEIRãO DAS NMG0000000000000000                                                                       
1040001300063R 01000000000000000000000000000000000000000000000000215122018000000000000200                                                                                                                                                       
1040001300064P 0101298027300700000000000140000000000276981122027698          1501201900000000000150000000099N1403201821501201900000000000060000000000000000000000000000000000000000000000000000000027698                    3001090090000000000 
1040001300065Q 011000008189940619PAULINE ANTONIO DA SILVA MIRANDA        RUA VILMAR LAGES                        VIENA          33944225RIBEIRãO DAS NMG0000000000000000                                                                       
1040001300066R 01000000000000000000000000000000000000000000000000215012019000000000000200                                                                                                                                                       
1040001300067P 0101298027300700000000000140000000000276991122027699          1502201900000000000150000000099N1403201821502201900000000000060000000000000000000000000000000000000000000000000000000027699                    3001090090000000000 
1040001300068Q 011000008189940619PAULINE ANTONIO DA SILVA MIRANDA        RUA VILMAR LAGES                        VIENA          33944225RIBEIRãO DAS NMG0000000000000000                                                                       
1040001300069R 01000000000000000000000000000000000000000000000000215022019000000000000200                                                                                                                                                       
1040001300070P 0101298027300700000000000140000000000277011122027701          2004201800000000003700000000099N1403201822004201800000000000060000000000000000000000000000000000000000000000000000000027701                    3001090090000000000 
1040001300071Q 012024404074000151CRISTIANE BARBOZA DA SILVA ANJOS 0046395AV GOIAS                                CARRILHO       76380000GIOANESIA      GO0000000000000000                                                                       
1040001300072R 01000000000000000000000000000000000000000000000000220042018000000000000200                                                                                                                                                       
1040001300073P 0101298027300700000000000140000000000277021122027702          2005201800000000003700000000099N1403201822005201800000000000060000000000000000000000000000000000000000000000000000000027702                    3001090090000000000 
1040001300074Q 012024404074000151CRISTIANE BARBOZA DA SILVA ANJOS 0046395AV GOIAS                                CARRILHO       76380000GIOANESIA      GO0000000000000000                                                                       
1040001300075R 01000000000000000000000000000000000000000000000000220052018000000000000200                                                                                                                                                       
1040001300076P 0101298027300700000000000140000000000277031122027703          2006201800000000003700000000099N1403201822006201800000000000060000000000000000000000000000000000000000000000000000000027703                    3001090090000000000 
1040001300077Q 012024404074000151CRISTIANE BARBOZA DA SILVA ANJOS 0046395AV GOIAS                                CARRILHO       76380000GIOANESIA      GO0000000000000000                                                                       
1040001300078R 01000000000000000000000000000000000000000000000000220062018000000000000200                                                                                                                                                       
1040001300079P 0101298027300700000000000140000000000277041122027704          2007201800000000003700000000099N1403201822007201800000000000060000000000000000000000000000000000000000000000000000000027704                    3001090090000000000 
1040001300080Q 012024404074000151CRISTIANE BARBOZA DA SILVA ANJOS 0046395AV GOIAS                                CARRILHO       76380000GIOANESIA      GO0000000000000000                                                                       
1040001300081R 01000000000000000000000000000000000000000000000000220072018000000000000200                                                                                                                                                       
1040001300082P 0101298027300700000000000140000000000277051122027705          2008201800000000003700000000099N1403201822008201800000000000060000000000000000000000000000000000000000000000000000000027705                    3001090090000000000 
1040001300083Q 012024404074000151CRISTIANE BARBOZA DA SILVA ANJOS 0046395AV GOIAS                                CARRILHO       76380000GIOANESIA      GO0000000000000000                                                                       
1040001300084R 01000000000000000000000000000000000000000000000000220082018000000000000200                                                                                                                                                       
1040001300085P 0101298027300700000000000140000000000277061122027706          2009201800000000003700000000099N1403201822009201800000000000060000000000000000000000000000000000000000000000000000000027706                    3001090090000000000 
1040001300086Q 012024404074000151CRISTIANE BARBOZA DA SILVA ANJOS 0046395AV GOIAS                                CARRILHO       76380000GIOANESIA      GO0000000000000000                                                                       
1040001300087R 01000000000000000000000000000000000000000000000000220092018000000000000200                                                                                                                                                       
1040001300088P 0101298027300700000000000140000000000277071122027707          2010201800000000003700000000099N1403201822010201800000000000060000000000000000000000000000000000000000000000000000000027707                    3001090090000000000 
1040001300089Q 012024404074000151CRISTIANE BARBOZA DA SILVA ANJOS 0046395AV GOIAS                                CARRILHO       76380000GIOANESIA      GO0000000000000000                                                                       
1040001300090R 01000000000000000000000000000000000000000000000000220102018000000000000200                                                                                                                                                       
1040001300091P 0101298027300700000000000140000000000277081122027708          1004201800000000003000000000099N1403201821004201800000000000060000000000000000000000000000000000000000000000000000000027708                    3001090090000000000 
1040001300092Q 012029768060000130THAINARA MARQUES DA SILVA               Q QUADRA 10                             ETAPA A VALPARA72876030VALPARAíSO DE GO0000000000000000                                                                       
1040001300093R 01000000000000000000000000000000000000000000000000210042018000000000000200                                                                                                                                                       
1040001300094P 0101298027300700000000000140000000000277091122027709          1005201800000000003000000000099N1403201821005201800000000000060000000000000000000000000000000000000000000000000000000027709                    3001090090000000000 
1040001300095Q 012029768060000130THAINARA MARQUES DA SILVA               Q QUADRA 10                             ETAPA A VALPARA72876030VALPARAíSO DE GO0000000000000000                                                                       
1040001300096R 01000000000000000000000000000000000000000000000000210052018000000000000200                                                                                                                                                       
1040001300097P 0101298027300700000000000140000000000277101122027710          1006201800000000003000000000099N1403201821006201800000000000060000000000000000000000000000000000000000000000000000000027710                    3001090090000000000 
1040001300098Q 012029768060000130THAINARA MARQUES DA SILVA               Q QUADRA 10                             ETAPA A VALPARA72876030VALPARAíSO DE GO0000000000000000                                                                       
1040001300099R 01000000000000000000000000000000000000000000000000210062018000000000000200                                                                                                                                                       
1040001300100P 0101298027300700000000000140000000000277111122027711          1007201800000000003000000000099N1403201821007201800000000000060000000000000000000000000000000000000000000000000000000027711                    3001090090000000000 
1040001300101Q 012029768060000130THAINARA MARQUES DA SILVA               Q QUADRA 10                             ETAPA A VALPARA72876030VALPARAíSO DE GO0000000000000000                                                                       
1040001300102R 01000000000000000000000000000000000000000000000000210072018000000000000200                                                                                                                                                       
1040001300103P 0101298027300700000000000140000000000277121122027712          1008201800000000003000000000099N1403201821008201800000000000060000000000000000000000000000000000000000000000000000000027712                    3001090090000000000 
1040001300104Q 012029768060000130THAINARA MARQUES DA SILVA               Q QUADRA 10                             ETAPA A VALPARA72876030VALPARAíSO DE GO0000000000000000                                                                       
1040001300105R 01000000000000000000000000000000000000000000000000210082018000000000000200                                                                                                                                                       
1040001300106P 0101298027300700000000000140000000000277131122027713          1009201800000000003000000000099N1403201821009201800000000000060000000000000000000000000000000000000000000000000000000027713                    3001090090000000000 
1040001300107Q 012029768060000130THAINARA MARQUES DA SILVA               Q QUADRA 10                             ETAPA A VALPARA72876030VALPARAíSO DE GO0000000000000000                                                                       
1040001300108R 01000000000000000000000000000000000000000000000000210092018000000000000200                                                                                                                                                       
1040001300109P 0101298027300700000000000140000000000277141122027714          1010201800000000003000000000099N1403201821010201800000000000060000000000000000000000000000000000000000000000000000000027714                    3001090090000000000 
1040001300110Q 012029768060000130THAINARA MARQUES DA SILVA               Q QUADRA 10                             ETAPA A VALPARA72876030VALPARAíSO DE GO0000000000000000                                                                       
1040001300111R 01000000000000000000000000000000000000000000000000210102018000000000000200                                                                                                                                                       
1040001300112P 0101298027300700000000000140000000000277151122027715          1011201800000000003000000000099N1403201821011201800000000000060000000000000000000000000000000000000000000000000000000027715                    3001090090000000000 
1040001300113Q 012029768060000130THAINARA MARQUES DA SILVA               Q QUADRA 10                             ETAPA A VALPARA72876030VALPARAíSO DE GO0000000000000000                                                                       
1040001300114R 01000000000000000000000000000000000000000000000000210112018000000000000200                                                                                                                                                       
1040001300115P 0101298027300700000000000140000000000277161122027716          1012201800000000003000000000099N1403201821012201800000000000060000000000000000000000000000000000000000000000000000000027716                    3001090090000000000 
1040001300116Q 012029768060000130THAINARA MARQUES DA SILVA               Q QUADRA 10                             ETAPA A VALPARA72876030VALPARAíSO DE GO0000000000000000                                                                       
1040001300117R 01000000000000000000000000000000000000000000000000210122018000000000000200                                                                                                                                                       
1040001300118P 0101298027300700000000000140000000000277171122027717          1001201900000000003000000000099N1403201821001201900000000000060000000000000000000000000000000000000000000000000000000027717                    3001090090000000000 
1040001300119Q 012029768060000130THAINARA MARQUES DA SILVA               Q QUADRA 10                             ETAPA A VALPARA72876030VALPARAíSO DE GO0000000000000000                                                                       
1040001300120R 01000000000000000000000000000000000000000000000000210012019000000000000200                                                                                                                                                       
1040001300121P 0101298027300700000000000140000000000277181122027718          1002201900000000003000000000099N1403201821002201900000000000060000000000000000000000000000000000000000000000000000000027718                    3001090090000000000 
1040001300122Q 012029768060000130THAINARA MARQUES DA SILVA               Q QUADRA 10                             ETAPA A VALPARA72876030VALPARAíSO DE GO0000000000000000                                                                       
1040001300123R 01000000000000000000000000000000000000000000000000210022019000000000000200                                                                                                                                                       
1040001300124P 0101298027300700000000000140000000000277191122027719          1003201900000000003000000000099N1403201821003201900000000000060000000000000000000000000000000000000000000000000000000027719                    3001090090000000000 
1040001300125Q 012029768060000130THAINARA MARQUES DA SILVA               Q QUADRA 10                             ETAPA A VALPARA72876030VALPARAíSO DE GO0000000000000000                                                                       
1040001300126R 01000000000000000000000000000000000000000000000000210032019000000000000200                                                                                                                                                       
1040001300127P 0101298027300700000000000140000000000277201122027720          2003201800000000001666600000099N1403201822003201800000000000060000000000000000000000000000000000000000000000000000000027720                    3001090090000000000 
1040001300128Q 012029768060000130THAINARA MARQUES DA SILVA               Q QUADRA 10                             ETAPA A VALPARA72876030VALPARAíSO DE GO0000000000000000                                                                       
1040001300129R 01000000000000000000000000000000000000000000000000220032018000000000000200                                                                                                                                                       
1040001300130P 0101298027300700000000000140000000000277211122027721          2004201800000000001666600000099N1403201822004201800000000000060000000000000000000000000000000000000000000000000000000027721                    3001090090000000000 
1040001300131Q 012029768060000130THAINARA MARQUES DA SILVA               Q QUADRA 10                             ETAPA A VALPARA72876030VALPARAíSO DE GO0000000000000000                                                                       
1040001300132R 01000000000000000000000000000000000000000000000000220042018000000000000200                                                                                                                                                       
1040001300133P 0101298027300700000000000140000000000277221122027722          2005201800000000001666600000099N1403201822005201800000000000060000000000000000000000000000000000000000000000000000000027722                    3001090090000000000 
1040001300134Q 012029768060000130THAINARA MARQUES DA SILVA               Q QUADRA 10                             ETAPA A VALPARA72876030VALPARAíSO DE GO0000000000000000                                                                       
1040001300135R 01000000000000000000000000000000000000000000000000220052018000000000000200                                                                                                                                                       
10400015         000137000045000000000007034980000000000000000000000000000000000000000000000                                                                                                                                                    
10499999         000001000139                                                                                                                                                                                                                   