10400000         2116559540001590000000000000000000001298027300700000000FEDERAL SISTEMAS              CAIXA ECONOMICA FEDERAL                 11902201809072000001905000000                    REMESSA-PRODUCAO                                 
10400011R0100030 20116559540001592730070000000000000001298027300700000000FEDERAL SISTEMAS                                                                                              000000191902201800000000                                 
1040001300001P 0101298027300700000000000140000000000261671122026167          1503201800000000000450000000099N1202201821503201800000000000000000000000000000000000000000000000000000000000000000000026167                    3001700090000000000 
1040001300002Q 012021487555000180NOSSA MARCA DISTRIBUIDORA LTDA - ME     ROD BR-153                              JARDIM GUANABAR74675090GOIANIA       GO0000000000000000                                                                       0
1040001300003R 01000000000000000000000000000000000000000000000000215032018000000000000200                                                                                                                                                       
1040001300004P 0101298027300700000000000140000000000261681122026168          1504201800000000000450000000099N1202201821504201800000000000000000000000000000000000000000000000000000000000000000000026168                    3001700090000000000 
1040001300005Q 012021487555000180NOSSA MARCA DISTRIBUIDORA LTDA - ME     ROD BR-153                              JARDIM GUANABAR74675090GOIANIA       GO0000000000000000                                                                       0
1040001300006R 01000000000000000000000000000000000000000000000000215042018000000000000200                                                                                                                                                       
1040001300007P 0101298027300700000000000140000000000261691122026169          1505201800000000000450000000099N1202201821505201800000000000000000000000000000000000000000000000000000000000000000000026169                    3001700090000000000 
1040001300008Q 012021487555000180NOSSA MARCA DISTRIBUIDORA LTDA - ME     ROD BR-153                              JARDIM GUANABAR74675090GOIANIA       GO0000000000000000                                                                       0
1040001300009R 01000000000000000000000000000000000000000000000000215052018000000000000200                                                                                                                                                       
1040001300010P 0101298027300700000000000140000000000261701122026170          1506201800000000000450000000099N1202201821506201800000000000000000000000000000000000000000000000000000000000000000000026170                    3001700090000000000 
1040001300011Q 012021487555000180NOSSA MARCA DISTRIBUIDORA LTDA - ME     ROD BR-153                              JARDIM GUANABAR74675090GOIANIA       GO0000000000000000                                                                       0
1040001300012R 01000000000000000000000000000000000000000000000000215062018000000000000200                                                                                                                                                       
1040001300013P 0101298027300700000000000140000000000261711122026171          1507201800000000000450000000099N1202201821507201800000000000000000000000000000000000000000000000000000000000000000000026171                    3001700090000000000 
1040001300014Q 012021487555000180NOSSA MARCA DISTRIBUIDORA LTDA - ME     ROD BR-153                              JARDIM GUANABAR74675090GOIANIA       GO0000000000000000                                                                       0
1040001300015R 01000000000000000000000000000000000000000000000000215072018000000000000200                                                                                                                                                       
1040001300016P 0101298027300700000000000140000000000261721122026172          1508201800000000000450000000099N1202201821508201800000000000000000000000000000000000000000000000000000000000000000000026172                    3001700090000000000 
1040001300017Q 012021487555000180NOSSA MARCA DISTRIBUIDORA LTDA - ME     ROD BR-153                              JARDIM GUANABAR74675090GOIANIA       GO0000000000000000                                                                       0
1040001300018R 01000000000000000000000000000000000000000000000000215082018000000000000200                                                                                                                                                       
1040001300019P 0101298027300700000000000140000000000261731122026173          1509201800000000000450000000099N1202201821509201800000000000000000000000000000000000000000000000000000000000000000000026173                    3001700090000000000 
1040001300020Q 012021487555000180NOSSA MARCA DISTRIBUIDORA LTDA - ME     ROD BR-153                              JARDIM GUANABAR74675090GOIANIA       GO0000000000000000                                                                       0
1040001300021R 01000000000000000000000000000000000000000000000000215092018000000000000200                                                                                                                                                       
1040001300022P 0101298027300700000000000140000000000261741122026174          1510201800000000000450000000099N1202201821510201800000000000000000000000000000000000000000000000000000000000000000000026174                    3001700090000000000 
1040001300023Q 012021487555000180NOSSA MARCA DISTRIBUIDORA LTDA - ME     ROD BR-153                              JARDIM GUANABAR74675090GOIANIA       GO0000000000000000                                                                       0
1040001300024R 01000000000000000000000000000000000000000000000000215102018000000000000200                                                                                                                                                       
1040001300025P 0101298027300700000000000140000000000261751122026175          1511201800000000000450000000099N1202201821511201800000000000000000000000000000000000000000000000000000000000000000000026175                    3001700090000000000 
1040001300026Q 012021487555000180NOSSA MARCA DISTRIBUIDORA LTDA - ME     ROD BR-153                              JARDIM GUANABAR74675090GOIANIA       GO0000000000000000                                                                       0
1040001300027R 01000000000000000000000000000000000000000000000000215112018000000000000200                                                                                                                                                       
1040001300028P 0101298027300700000000000140000000000261761122026176          1512201800000000000450000000099N1202201821512201800000000000000000000000000000000000000000000000000000000000000000000026176                    3001700090000000000 
1040001300029Q 012021487555000180NOSSA MARCA DISTRIBUIDORA LTDA - ME     ROD BR-153                              JARDIM GUANABAR74675090GOIANIA       GO0000000000000000                                                                       0
1040001300030R 01000000000000000000000000000000000000000000000000215122018000000000000200                                                                                                                                                       
1040001300031P 0101298027300700000000000140000000000261771122026177          1501201900000000000450000000099N1202201821501201900000000000000000000000000000000000000000000000000000000000000000000026177                    3001700090000000000 
1040001300032Q 012021487555000180NOSSA MARCA DISTRIBUIDORA LTDA - ME     ROD BR-153                              JARDIM GUANABAR74675090GOIANIA       GO0000000000000000                                                                       0
1040001300033R 01000000000000000000000000000000000000000000000000215012019000000000000200                                                                                                                                                       
1040001300034P 0101298027300700000000000140000000000261781122026178          1502201900000000000450000000099N1202201821502201900000000000000000000000000000000000000000000000000000000000000000000026178                    3001700090000000000 
1040001300035Q 012021487555000180NOSSA MARCA DISTRIBUIDORA LTDA - ME     ROD BR-153                              JARDIM GUANABAR74675090GOIANIA       GO0000000000000000                                                                       0
1040001300036R 01000000000000000000000000000000000000000000000000215022019000000000000200                                                                                                                                                       
1040001300037P 0101298027300700000000000140000000000261801122026180          1503201800000000001500000000099N1202201821503201800000000000000000000000000000000000000000000000000000000000000000000026180                    3001700090000000000 
1040001300038Q 012001134916600134DROGARIA POPULAR                        RUA 02 QUADRA 04                                       76310000RIALMA         GO0000000000000000                                                                       
1040001300039R 01000000000000000000000000000000000000000000000000215032018000000000000200                                                                                                                                                       
1040001300040P 0101298027300700000000000140000000000261811122026181          1504201800000000001500000000099N1202201821504201800000000000000000000000000000000000000000000000000000000000000000000026181                    3001700090000000000 
1040001300041Q 012001134916600134DROGARIA POPULAR                        RUA 02 QUADRA 04                                       76310000RIALMA         GO0000000000000000                                                                       
1040001300042R 01000000000000000000000000000000000000000000000000215042018000000000000200                                                                                                                                                       
1040001300043P 0101298027300700000000000140000000000261821122026182          1505201800000000001500000000099N1202201821505201800000000000000000000000000000000000000000000000000000000000000000000026182                    3001700090000000000 
1040001300044Q 012001134916600134DROGARIA POPULAR                        RUA 02 QUADRA 04                                       76310000RIALMA         GO0000000000000000                                                                       
1040001300045R 01000000000000000000000000000000000000000000000000215052018000000000000200                                                                                                                                                       
1040001300046P 0101298027300700000000000140000000000261831122026183          1506201800000000001500000000099N1202201821506201800000000000000000000000000000000000000000000000000000000000000000000026183                    3001700090000000000 
1040001300047Q 012001134916600134DROGARIA POPULAR                        RUA 02 QUADRA 04                                       76310000RIALMA         GO0000000000000000                                                                       
1040001300048R 01000000000000000000000000000000000000000000000000215062018000000000000200                                                                                                                                                       
1040001300049P 0101298027300700000000000140000000000261841122026184          1507201800000000001500000000099N1202201821507201800000000000000000000000000000000000000000000000000000000000000000000026184                    3001700090000000000 
1040001300050Q 012001134916600134DROGARIA POPULAR                        RUA 02 QUADRA 04                                       76310000RIALMA         GO0000000000000000                                                                       
1040001300051R 01000000000000000000000000000000000000000000000000215072018000000000000200                                                                                                                                                       
1040001300052P 0101298027300700000000000140000000000261851122026185          1508201800000000001500000000099N1202201821508201800000000000000000000000000000000000000000000000000000000000000000000026185                    3001700090000000000 
1040001300053Q 012001134916600134DROGARIA POPULAR                        RUA 02 QUADRA 04                                       76310000RIALMA         GO0000000000000000                                                                       
1040001300054R 01000000000000000000000000000000000000000000000000215082018000000000000200                                                                                                                                                       
1040001300055P 0101298027300700000000000140000000000261861122026186          1509201800000000001500000000099N1202201821509201800000000000000000000000000000000000000000000000000000000000000000000026186                    3001700090000000000 
1040001300056Q 012001134916600134DROGARIA POPULAR                        RUA 02 QUADRA 04                                       76310000RIALMA         GO0000000000000000                                                                       
1040001300057R 01000000000000000000000000000000000000000000000000215092018000000000000200                                                                                                                                                       
1040001300058P 0101298027300700000000000140000000000261871122026187          1510201800000000001500000000099N1202201821510201800000000000000000000000000000000000000000000000000000000000000000000026187                    3001700090000000000 
1040001300059Q 012001134916600134DROGARIA POPULAR                        RUA 02 QUADRA 04                                       76310000RIALMA         GO0000000000000000                                                                       
1040001300060R 01000000000000000000000000000000000000000000000000215102018000000000000200                                                                                                                                                       
1040001300061P 0101298027300700000000000140000000000261881122026188          1511201800000000001500000000099N1202201821511201800000000000000000000000000000000000000000000000000000000000000000000026188                    3001700090000000000 
1040001300062Q 012001134916600134DROGARIA POPULAR                        RUA 02 QUADRA 04                                       76310000RIALMA         GO0000000000000000                                                                       
1040001300063R 01000000000000000000000000000000000000000000000000215112018000000000000200                                                                                                                                                       
1040001300064P 0101298027300700000000000140000000000261891122026189          1512201800000000001500000000099N1202201821512201800000000000000000000000000000000000000000000000000000000000000000000026189                    3001700090000000000 
1040001300065Q 012001134916600134DROGARIA POPULAR                        RUA 02 QUADRA 04                                       76310000RIALMA         GO0000000000000000                                                                       
1040001300066R 01000000000000000000000000000000000000000000000000215122018000000000000200                                                                                                                                                       
1040001300067P 0101298027300700000000000140000000000261901122026190          1501201900000000001500000000099N1202201821501201900000000000000000000000000000000000000000000000000000000000000000000026190                    3001700090000000000 
1040001300068Q 012001134916600134DROGARIA POPULAR                        RUA 02 QUADRA 04                                       76310000RIALMA         GO0000000000000000                                                                       
1040001300069R 01000000000000000000000000000000000000000000000000215012019000000000000200                                                                                                                                                       
10400015         000071000023000000000002190000000000000000000000000000000000000000000000000                                                                                                                                                    
10499999         000001000073                                                                                                                                                                                                                   