10400000         2116559540001590000000000000000000001298027300700000000FEDERAL SISTEMAS              CAIXA ECONOMICA FEDERAL                 10406201806471600011905000000                    REMESSA-PRODUCAO                                 
10400011R0100030 20116559540001592730070000000000000001298027300700000000FEDERAL SISTEMAS                                                                                              000001190406201800000000                                 
1040001300001P 0101298027300700000000000140000000000313591122031359          2004201800000000000499000000099N2905201822004201800000000000060000000000000000000000000000000000000000000000000000000031359                    3001029090000000000 
1040001300002Q 011000083673539191JOSIAS VERISSIMO DA SILVA               AVENIDA CONTORNO                        SETOR OESTE    76385244GOIANESIA      GO0000000000000000                                                                       
1040001300003R 01000000000000000000000000000000000000000000000000220042018000000000000200                                                                                                                                                       
1040001300004P 0101298027300700000000000140000000000313601122031360          2005201800000000000499000000099N2905201822005201800000000000060000000000000000000000000000000000000000000000000000000031360                    3001029090000000000 
1040001300005Q 011000083673539191JOSIAS VERISSIMO DA SILVA               AVENIDA CONTORNO                        SETOR OESTE    76385244GOIANESIA      GO0000000000000000                                                                       
1040001300006R 01000000000000000000000000000000000000000000000000220052018000000000000200                                                                                                                                                       
1040001300007P 0101298027300700000000000140000000000313611122031361          2006201800000000000499000000099N2905201822006201800000000000060000000000000000000000000000000000000000000000000000000031361                    3001029090000000000 
1040001300008Q 011000083673539191JOSIAS VERISSIMO DA SILVA               AVENIDA CONTORNO                        SETOR OESTE    76385244GOIANESIA      GO0000000000000000                                                                       
1040001300009R 01000000000000000000000000000000000000000000000000220062018000000000000200                                                                                                                                                       
1040001300010P 0101298027300700000000000140000000000313621122031362          2007201800000000000499000000099N2905201822007201800000000000060000000000000000000000000000000000000000000000000000000031362                    3001029090000000000 
1040001300011Q 011000083673539191JOSIAS VERISSIMO DA SILVA               AVENIDA CONTORNO                        SETOR OESTE    76385244GOIANESIA      GO0000000000000000                                                                       
1040001300012R 01000000000000000000000000000000000000000000000000220072018000000000000200                                                                                                                                                       
1040001300013P 0101298027300700000000000140000000000313631122031363          2008201800000000000499000000099N2905201822008201800000000000060000000000000000000000000000000000000000000000000000000031363                    3001029090000000000 
1040001300014Q 011000083673539191JOSIAS VERISSIMO DA SILVA               AVENIDA CONTORNO                        SETOR OESTE    76385244GOIANESIA      GO0000000000000000                                                                       
1040001300015R 01000000000000000000000000000000000000000000000000220082018000000000000200                                                                                                                                                       
1040001300016P 0101298027300700000000000140000000000313641122031364          2009201800000000000499000000099N2905201822009201800000000000060000000000000000000000000000000000000000000000000000000031364                    3001029090000000000 
1040001300017Q 011000083673539191JOSIAS VERISSIMO DA SILVA               AVENIDA CONTORNO                        SETOR OESTE    76385244GOIANESIA      GO0000000000000000                                                                       
1040001300018R 01000000000000000000000000000000000000000000000000220092018000000000000200                                                                                                                                                       
1040001300019P 0101298027300700000000000140000000000313651122031365          2010201800000000000499000000099N2905201822010201800000000000060000000000000000000000000000000000000000000000000000000031365                    3001029090000000000 
1040001300020Q 011000083673539191JOSIAS VERISSIMO DA SILVA               AVENIDA CONTORNO                        SETOR OESTE    76385244GOIANESIA      GO0000000000000000                                                                       
1040001300021R 01000000000000000000000000000000000000000000000000220102018000000000000200                                                                                                                                                       
1040001300022P 0101298027300700000000000140000000000313661122031366          0508201800000000000798000000099N2905201820508201800000000000060000000000000000000000000000000000000000000000000000000031366                    3001029090000000000 
1040001300023Q 011000000612441121VICTOR HUGO DE FIGUEIREDO MELO          RUA R8 QD R2A APARTAMENTO 1803A (EDIFICISETOR OESTE    74125010GOIANIA        GO0000000000000000                                                                       
1040001300024R 01000000000000000000000000000000000000000000000000205082018000000000000200                                                                                                                                                       
1040001300025P 0101298027300700000000000140000000000313671122031367          0509201800000000000798000000099N2905201820509201800000000000060000000000000000000000000000000000000000000000000000000031367                    3001029090000000000 
1040001300026Q 011000000612441121VICTOR HUGO DE FIGUEIREDO MELO          RUA R8 QD R2A APARTAMENTO 1803A (EDIFICISETOR OESTE    74125010GOIANIA        GO0000000000000000                                                                       
1040001300027R 01000000000000000000000000000000000000000000000000205092018000000000000200                                                                                                                                                       
1040001300028P 0101298027300700000000000140000000000313681122031368          0510201800000000000798000000099N2905201820510201800000000000060000000000000000000000000000000000000000000000000000000031368                    3001029090000000000 
1040001300029Q 011000000612441121VICTOR HUGO DE FIGUEIREDO MELO          RUA R8 QD R2A APARTAMENTO 1803A (EDIFICISETOR OESTE    74125010GOIANIA        GO0000000000000000                                                                       
1040001300030R 01000000000000000000000000000000000000000000000000205102018000000000000200                                                                                                                                                       
1040001300031P 0101298027300700000000000140000000000313691122031369          0511201800000000000798000000099N2905201820511201800000000000060000000000000000000000000000000000000000000000000000000031369                    3001029090000000000 
1040001300032Q 011000000612441121VICTOR HUGO DE FIGUEIREDO MELO          RUA R8 QD R2A APARTAMENTO 1803A (EDIFICISETOR OESTE    74125010GOIANIA        GO0000000000000000                                                                       
1040001300033R 01000000000000000000000000000000000000000000000000205112018000000000000200                                                                                                                                                       
1040001300034P 0101298027300700000000000140000000000313701122031370          0512201800000000000798000000099N2905201820512201800000000000060000000000000000000000000000000000000000000000000000000031370                    3001029090000000000 
1040001300035Q 011000000612441121VICTOR HUGO DE FIGUEIREDO MELO          RUA R8 QD R2A APARTAMENTO 1803A (EDIFICISETOR OESTE    74125010GOIANIA        GO0000000000000000                                                                       
1040001300036R 01000000000000000000000000000000000000000000000000205122018000000000000200                                                                                                                                                       
1040001300037P 0101298027300700000000000140000000000313711122031371          0501201900000000000798000000099N2905201820501201900000000000060000000000000000000000000000000000000000000000000000000031371                    3001029090000000000 
1040001300038Q 011000000612441121VICTOR HUGO DE FIGUEIREDO MELO          RUA R8 QD R2A APARTAMENTO 1803A (EDIFICISETOR OESTE    74125010GOIANIA        GO0000000000000000                                                                       
1040001300039R 01000000000000000000000000000000000000000000000000205012019000000000000200                                                                                                                                                       
1040001300040P 0101298027300700000000000140000000000313721122031372          0502201900000000000798000000099N2905201820502201900000000000060000000000000000000000000000000000000000000000000000000031372                    3001029090000000000 
1040001300041Q 011000000612441121VICTOR HUGO DE FIGUEIREDO MELO          RUA R8 QD R2A APARTAMENTO 1803A (EDIFICISETOR OESTE    74125010GOIANIA        GO0000000000000000                                                                       
1040001300042R 01000000000000000000000000000000000000000000000000205022019000000000000200                                                                                                                                                       
1040001300043P 0101298027300700000000000140000000000313731122031373          0503201900000000000798000000099N2905201820503201900000000000060000000000000000000000000000000000000000000000000000000031373                    3001029090000000000 
1040001300044Q 011000000612441121VICTOR HUGO DE FIGUEIREDO MELO          RUA R8 QD R2A APARTAMENTO 1803A (EDIFICISETOR OESTE    74125010GOIANIA        GO0000000000000000                                                                       
1040001300045R 01000000000000000000000000000000000000000000000000205032019000000000000200                                                                                                                                                       
1040001300046P 0101298027300700000000000140000000000313741122031374          0504201900000000000798000000099N2905201820504201900000000000060000000000000000000000000000000000000000000000000000000031374                    3001029090000000000 
1040001300047Q 011000000612441121VICTOR HUGO DE FIGUEIREDO MELO          RUA R8 QD R2A APARTAMENTO 1803A (EDIFICISETOR OESTE    74125010GOIANIA        GO0000000000000000                                                                       
1040001300048R 01000000000000000000000000000000000000000000000000205042019000000000000200                                                                                                                                                       
1040001300049P 0101298027300700000000000140000000000313751122031375          0505201900000000000798000000099N2905201820505201900000000000060000000000000000000000000000000000000000000000000000000031375                    3001029090000000000 
1040001300050Q 011000000612441121VICTOR HUGO DE FIGUEIREDO MELO          RUA R8 QD R2A APARTAMENTO 1803A (EDIFICISETOR OESTE    74125010GOIANIA        GO0000000000000000                                                                       
1040001300051R 01000000000000000000000000000000000000000000000000205052019000000000000200                                                                                                                                                       
1040001300052P 0101298027300700000000000140000000000313761122031376          0506201900000000000798000000099N2905201820506201900000000000060000000000000000000000000000000000000000000000000000000031376                    3001029090000000000 
1040001300053Q 011000000612441121VICTOR HUGO DE FIGUEIREDO MELO          RUA R8 QD R2A APARTAMENTO 1803A (EDIFICISETOR OESTE    74125010GOIANIA        GO0000000000000000                                                                       
1040001300054R 01000000000000000000000000000000000000000000000000205062019000000000000200                                                                                                                                                       
1040001300055P 0101298027300700000000000140000000000313771122031377          0507201900000000000798000000099N2905201820507201900000000000060000000000000000000000000000000000000000000000000000000031377                    3001029090000000000 
1040001300056Q 011000000612441121VICTOR HUGO DE FIGUEIREDO MELO          RUA R8 QD R2A APARTAMENTO 1803A (EDIFICISETOR OESTE    74125010GOIANIA        GO0000000000000000                                                                       
1040001300057R 01000000000000000000000000000000000000000000000000205072019000000000000200                                                                                                                                                       
1040001300058P 0101298027300700000000000140000000000313781122031378          0106201800000000005850300000099N2905201820106201800000000000060000000000000000000000000000000000000000000000000000000031378                    3001029090000000000 
1040001300059Q 011000002183466111DONIZETE CASTRO LOPES                   RUA ALVORADA Q 27 L 05 CENTRO                          73900000POSSE          GO0000000000000000                                                                       
1040001300060R 01000000000000000000000000000000000000000000000000201062018000000000000200                                                                                                                                                       
1040001300061P 0101298027300700000000000140000000000313791122031379          3005201800000000002000000000099N2905201823005201800000000000060000000000000000000000000000000000000000000000000000000031379                    3001029090000000000 
1040001300062Q 012017923339000162CONVENIENCIA E SUPERMERCADO MOREIRA LTDAAV AV. BRASIL QD-H LT-03 JD SORRISO 1   JARDIM SORRISO 76300000CERES          GO0000000000000000                                                                       
1040001300063R 01000000000000000000000000000000000000000000000000230052018000000000000200                                                                                                                                                       
1040001300064P 0101298027300700000000000140000000000313801122031380          2506201800000000002500000000099N2905201822506201800000000000060000000000000000000000000000000000000000000000000000000031380                    3001029090000000000 
1040001300065Q 012017923339000162CONVENIENCIA E SUPERMERCADO MOREIRA LTDAAV AV. BRASIL QD-H LT-03 JD SORRISO 1   JARDIM SORRISO 76300000CERES          GO0000000000000000                                                                       
1040001300066R 01000000000000000000000000000000000000000000000000225062018000000000000200                                                                                                                                                       
1040001300067P 0101298027300700000000000140000000000313811122031381          2007201800000000000590000000099N2905201822007201800000000000060000000000000000000000000000000000000000000000000000000031381                    3001029090000000000 
1040001300068Q 012008777239000184VANDERLEI DE SOUSA GODOI E CIA LTDA     RUA 29                                  CARRILHO       76380000GOIANESIA      GO0000000000000000                                                                       
1040001300069R 01000000000000000000000000000000000000000000000000220072018000000000000200                                                                                                                                                       
1040001300070P 0101298027300700000000000140000000000313821122031382          2008201800000000000590000000099N2905201822008201800000000000060000000000000000000000000000000000000000000000000000000031382                    3001029090000000000 
1040001300071Q 012008777239000184VANDERLEI DE SOUSA GODOI E CIA LTDA     RUA 29                                  CARRILHO       76380000GOIANESIA      GO0000000000000000                                                                       
1040001300072R 01000000000000000000000000000000000000000000000000220082018000000000000200                                                                                                                                                       
1040001300073P 0101298027300700000000000140000000000313831122031383          2009201800000000000590000000099N2905201822009201800000000000060000000000000000000000000000000000000000000000000000000031383                    3001029090000000000 
1040001300074Q 012008777239000184VANDERLEI DE SOUSA GODOI E CIA LTDA     RUA 29                                  CARRILHO       76380000GOIANESIA      GO0000000000000000                                                                       
1040001300075R 01000000000000000000000000000000000000000000000000220092018000000000000200                                                                                                                                                       
1040001300076P 0101298027300700000000000140000000000313841122031384          2010201800000000000590000000099N2905201822010201800000000000060000000000000000000000000000000000000000000000000000000031384                    3001029090000000000 
1040001300077Q 012008777239000184VANDERLEI DE SOUSA GODOI E CIA LTDA     RUA 29                                  CARRILHO       76380000GOIANESIA      GO0000000000000000                                                                       
1040001300078R 01000000000000000000000000000000000000000000000000220102018000000000000200                                                                                                                                                       
1040001300079P 0101298027300700000000000140000000000313851122031385          2011201800000000000590000000099N2905201822011201800000000000060000000000000000000000000000000000000000000000000000000031385                    3001029090000000000 
1040001300080Q 012008777239000184VANDERLEI DE SOUSA GODOI E CIA LTDA     RUA 29                                  CARRILHO       76380000GOIANESIA      GO0000000000000000                                                                       
1040001300081R 01000000000000000000000000000000000000000000000000220112018000000000000200                                                                                                                                                       
1040001300082P 0101298027300700000000000140000000000313861122031386          2012201800000000000590000000099N2905201822012201800000000000060000000000000000000000000000000000000000000000000000000031386                    3001029090000000000 
1040001300083Q 012008777239000184VANDERLEI DE SOUSA GODOI E CIA LTDA     RUA 29                                  CARRILHO       76380000GOIANESIA      GO0000000000000000                                                                       
1040001300084R 01000000000000000000000000000000000000000000000000220122018000000000000200                                                                                                                                                       
1040001300085P 0101298027300700000000000140000000000313871122031387          2001201900000000000590000000099N2905201822001201900000000000060000000000000000000000000000000000000000000000000000000031387                    3001029090000000000 
1040001300086Q 012008777239000184VANDERLEI DE SOUSA GODOI E CIA LTDA     RUA 29                                  CARRILHO       76380000GOIANESIA      GO0000000000000000                                                                       
1040001300087R 01000000000000000000000000000000000000000000000000220012019000000000000200                                                                                                                                                       
1040001300088P 0101298027300700000000000140000000000313881122031388          2002201900000000000590000000099N2905201822002201900000000000060000000000000000000000000000000000000000000000000000000031388                    3001029090000000000 
1040001300089Q 012008777239000184VANDERLEI DE SOUSA GODOI E CIA LTDA     RUA 29                                  CARRILHO       76380000GOIANESIA      GO0000000000000000                                                                       
1040001300090R 01000000000000000000000000000000000000000000000000220022019000000000000200                                                                                                                                                       
1040001300091P 0101298027300700000000000140000000000313891122031389          2003201900000000000590000000099N2905201822003201900000000000060000000000000000000000000000000000000000000000000000000031389                    3001029090000000000 
1040001300092Q 012008777239000184VANDERLEI DE SOUSA GODOI E CIA LTDA     RUA 29                                  CARRILHO       76380000GOIANESIA      GO0000000000000000                                                                       
1040001300093R 01000000000000000000000000000000000000000000000000220032019000000000000200                                                                                                                                                       
1040001300094P 0101298027300700000000000140000000000313901122031390          2004201900000000000590000000099N2905201822004201900000000000060000000000000000000000000000000000000000000000000000000031390                    3001029090000000000 
1040001300095Q 012008777239000184VANDERLEI DE SOUSA GODOI E CIA LTDA     RUA 29                                  CARRILHO       76380000GOIANESIA      GO0000000000000000                                                                       
1040001300096R 01000000000000000000000000000000000000000000000000220042019000000000000200                                                                                                                                                       
1040001300097P 0101298027300700000000000140000000000313911122031391          2005201900000000000590000000099N2905201822005201900000000000060000000000000000000000000000000000000000000000000000000031391                    3001029090000000000 
1040001300098Q 012008777239000184VANDERLEI DE SOUSA GODOI E CIA LTDA     RUA 29                                  CARRILHO       76380000GOIANESIA      GO0000000000000000                                                                       
1040001300099R 01000000000000000000000000000000000000000000000000220052019000000000000200                                                                                                                                                       
1040001300100P 0101298027300700000000000140000000000313921122031392          2006201900000000000590000000099N2905201822006201900000000000060000000000000000000000000000000000000000000000000000000031392                    3001029090000000000 
1040001300101Q 012008777239000184VANDERLEI DE SOUSA GODOI E CIA LTDA     RUA 29                                  CARRILHO       76380000GOIANESIA      GO0000000000000000                                                                       
1040001300102R 01000000000000000000000000000000000000000000000000220062019000000000000200                                                                                                                                                       
1040001300103P 0101298027300700000000000140000000000313931122031393          0706201800000000005250000000099N2905201820706201800000000000060000000000000000000000000000000000000000000000000000000031393                    3001029090000000000 
1040001300104Q 012008283398000122TOTE MECANIZACAO AGRICOLA & TRANSPORTES R ANANAS                                CENTRO         76370000                 0000000000000000                                                                       
1040001300105R 01000000000000000000000000000000000000000000000000207062018000000000000200                                                                                                                                                       
10400015         000107000035000000000003574930000000000000000000000000000000000000000000000                                                                                                                                                    
10499999         000001000109                                                                                                                                                                                                                   