10400000         2116559540001590000000000000000000001298027300700000000FEDERAL SISTEMAS              CAIXA ECONOMICA FEDERAL                 11607201809113000015105000000                    REMESSA-PRODUCAO                                 
10400011R0100030 20116559540001592730070000000000000001298027300700000000FEDERAL SISTEMAS                                                                                              000001511607201800000000                                 
1040001300001P 0101298027300700000000000140000000000276141122027614          1605201800000000001500000000099N1303201821605201800000000000060000000000000000000000000000000000000000000000000000000027614                    3001029090000000000 
1040001300002Q 012013179291000179IMOBILIARIA MR IMOVEIS LTDA             RUA 12                                  SETOR SUL      76382232GOIANESIA      GO0000000000000000                                                                       
1040001300003R 01000000000000000000000000000000000000000000000000216052018000000000000200                                                                                                                                                       
1040001300004P 0101298027300700000000000140000000000276151122027615          1606201800000000001500000000099N1303201821606201800000000000060000000000000000000000000000000000000000000000000000000027615                    3001029090000000000 
1040001300005Q 012013179291000179IMOBILIARIA MR IMOVEIS LTDA             RUA 12                                  SETOR SUL      76382232GOIANESIA      GO0000000000000000                                                                       
1040001300006R 01000000000000000000000000000000000000000000000000216062018000000000000200                                                                                                                                                       
1040001300007P 0101298027300700000000000140000000000276161122027616          1307201800000000001500000000099N1303201821307201800000000000060000000000000000000000000000000000000000000000000000000027616                    3001029090000000000 
1040001300008Q 012013179291000179IMOBILIARIA MR IMOVEIS LTDA             RUA 12                                  SETOR SUL      76382232GOIANESIA      GO0000000000000000                                                                       
1040001300009R 01000000000000000000000000000000000000000000000000213072018000000000000200                                                                                                                                                       
1040001300010P 0101298027300700000000000140000000000276171122027617          1308201800000000001500000000099N1303201821308201800000000000060000000000000000000000000000000000000000000000000000000027617                    3001029090000000000 
1040001300011Q 012013179291000179IMOBILIARIA MR IMOVEIS LTDA             RUA 12                                  SETOR SUL      76382232GOIANESIA      GO0000000000000000                                                                       
1040001300012R 01000000000000000000000000000000000000000000000000213082018000000000000200                                                                                                                                                       
1040001300013P 0101298027300700000000000140000000000276181122027618          1309201800000000001500000000099N1303201821309201800000000000060000000000000000000000000000000000000000000000000000000027618                    3001029090000000000 
1040001300014Q 012013179291000179IMOBILIARIA MR IMOVEIS LTDA             RUA 12                                  SETOR SUL      76382232GOIANESIA      GO0000000000000000                                                                       
1040001300015R 01000000000000000000000000000000000000000000000000213092018000000000000200                                                                                                                                                       
1040001300016P 0101298027300700000000000140000000000276191122027619          1310201800000000001500000000099N1303201821310201800000000000060000000000000000000000000000000000000000000000000000000027619                    3001029090000000000 
1040001300017Q 012013179291000179IMOBILIARIA MR IMOVEIS LTDA             RUA 12                                  SETOR SUL      76382232GOIANESIA      GO0000000000000000                                                                       
1040001300018R 01000000000000000000000000000000000000000000000000213102018000000000000200                                                                                                                                                       
1040001300019P 0101298027300700000000000140000000000276201122027620          1311201800000000001500000000099N1303201821311201800000000000060000000000000000000000000000000000000000000000000000000027620                    3001029090000000000 
1040001300020Q 012013179291000179IMOBILIARIA MR IMOVEIS LTDA             RUA 12                                  SETOR SUL      76382232GOIANESIA      GO0000000000000000                                                                       
1040001300021R 01000000000000000000000000000000000000000000000000213112018000000000000200                                                                                                                                                       
1040001300022P 0101298027300700000000000140000000000276211122027621          1312201800000000001500000000099N1303201821312201800000000000060000000000000000000000000000000000000000000000000000000027621                    3001029090000000000 
1040001300023Q 012013179291000179IMOBILIARIA MR IMOVEIS LTDA             RUA 12                                  SETOR SUL      76382232GOIANESIA      GO0000000000000000                                                                       
1040001300024R 01000000000000000000000000000000000000000000000000213122018000000000000200                                                                                                                                                       
1040001300025P 0101298027300700000000000140000000000276221122027622          1301201900000000001500000000099N1303201821301201900000000000060000000000000000000000000000000000000000000000000000000027622                    3001029090000000000 
1040001300026Q 012013179291000179IMOBILIARIA MR IMOVEIS LTDA             RUA 12                                  SETOR SUL      76382232GOIANESIA      GO0000000000000000                                                                       
1040001300027R 01000000000000000000000000000000000000000000000000213012019000000000000200                                                                                                                                                       
1040001300028P 0101298027300700000000000140000000000276231122027623          1302201900000000001500000000099N1303201821302201900000000000060000000000000000000000000000000000000000000000000000000027623                    3001029090000000000 
1040001300029Q 012013179291000179IMOBILIARIA MR IMOVEIS LTDA             RUA 12                                  SETOR SUL      76382232GOIANESIA      GO0000000000000000                                                                       
1040001300030R 01000000000000000000000000000000000000000000000000213022019000000000000200                                                                                                                                                       
1040001300031P 0101298027300700000000000140000000000276241122027624          1303201900000000001500000000099N1303201821303201900000000000060000000000000000000000000000000000000000000000000000000027624                    3001029090000000000 
1040001300032Q 012013179291000179IMOBILIARIA MR IMOVEIS LTDA             RUA 12                                  SETOR SUL      76382232GOIANESIA      GO0000000000000000                                                                       
1040001300033R 01000000000000000000000000000000000000000000000000213032019000000000000200                                                                                                                                                       
1040001300034P 0101298027300700000000000140000000000276251122027625          1304201900000000001500000000099N1303201821304201900000000000060000000000000000000000000000000000000000000000000000000027625                    3001029090000000000 
1040001300035Q 012013179291000179IMOBILIARIA MR IMOVEIS LTDA             RUA 12                                  SETOR SUL      76382232GOIANESIA      GO0000000000000000                                                                       
1040001300036R 01000000000000000000000000000000000000000000000000213042019000000000000200                                                                                                                                                       
10400015         000038000012000000000001800000000000000000000000000000000000000000000000000                                                                                                                                                    
10499999         000001000040                                                                                                                                                                                                                   