10400000         2116559540001590000000000000000000001298027300700000000FEDERAL SISTEMAS              CAIXA ECONOMICA FEDERAL                 10602201811161900001205000000                    REMESSA-PRODUCAO                                 
10400011R0100030 20116559540001592730070000000000000001298027300700000000FEDERAL SISTEMAS                                                                                              000000120602201800000000                                 
1040001300001P 0101298027300700000000000140000000000155831122015583          2002201800000000003540000000099N0907201722002201800000000000000000000000000000000000000000000000000000000000000000000015583                    3001700090000000000 
1040001300002Q 012037636255000155CID CLAY DOS SANTOS ME                  RUA 20                                  MUNIZ FALCAO   76380000GOIANESIA     GO0000000000000000                                                                       0
1040001300003R 01000000000000000000000000000000000000000000000000220022018000000000000200                                                                                                                                                       
10400015         000005000001000000000000354000000000000000000000000000000000000000000000000                                                                                                                                                    
10499999         000001000007                                                                                                                                                                                                                   