10400000         2116559540001590000000000000000000001298027300700000000FEDERAL SISTEMAS              CAIXA ECONOMICA FEDERAL                 10803201819293500003605000000                    REMESSA-PRODUCAO                                 
10400011R0100030 20116559540001592730070000000000000001298027300700000000FEDERAL SISTEMAS                                                                                              000000360803201800000000                                 
1040001300001P 0101298027300700000000000140000000000274021122027402          2004201800000000000590000000099N0703201822004201800000000000000000000000000000000000000000000000000000000000000000000027402                    3001700090000000000 
1040001300002Q 012029580175000105DANTAS TRANSPORTES - EIRELI             RUA 23                                  CARRILHO       76380733GOIANESIA     GO0000000000000000                                                                       0
1040001300003R 01000000000000000000000000000000000000000000000000220042018000000000000200                                                                                                                                                       
1040001300004P 0101298027300700000000000140000000000274031122027403          2005201800000000000590000000099N0703201822005201800000000000000000000000000000000000000000000000000000000000000000000027403                    3001700090000000000 
1040001300005Q 012029580175000105DANTAS TRANSPORTES - EIRELI             RUA 23                                  CARRILHO       76380733GOIANESIA     GO0000000000000000                                                                       0
1040001300006R 01000000000000000000000000000000000000000000000000220052018000000000000200                                                                                                                                                       
1040001300007P 0101298027300700000000000140000000000274041122027404          2006201800000000000590000000099N0703201822006201800000000000000000000000000000000000000000000000000000000000000000000027404                    3001700090000000000 
1040001300008Q 012029580175000105DANTAS TRANSPORTES - EIRELI             RUA 23                                  CARRILHO       76380733GOIANESIA     GO0000000000000000                                                                       0
1040001300009R 01000000000000000000000000000000000000000000000000220062018000000000000200                                                                                                                                                       
1040001300010P 0101298027300700000000000140000000000274051122027405          2007201800000000000590000000099N0703201822007201800000000000000000000000000000000000000000000000000000000000000000000027405                    3001700090000000000 
1040001300011Q 012029580175000105DANTAS TRANSPORTES - EIRELI             RUA 23                                  CARRILHO       76380733GOIANESIA     GO0000000000000000                                                                       0
1040001300012R 01000000000000000000000000000000000000000000000000220072018000000000000200                                                                                                                                                       
1040001300013P 0101298027300700000000000140000000000274061122027406          2008201800000000000590000000099N0703201822008201800000000000000000000000000000000000000000000000000000000000000000000027406                    3001700090000000000 
1040001300014Q 012029580175000105DANTAS TRANSPORTES - EIRELI             RUA 23                                  CARRILHO       76380733GOIANESIA     GO0000000000000000                                                                       0
1040001300015R 01000000000000000000000000000000000000000000000000220082018000000000000200                                                                                                                                                       
1040001300016P 0101298027300700000000000140000000000274071122027407          2009201800000000000590000000099N0703201822009201800000000000000000000000000000000000000000000000000000000000000000000027407                    3001700090000000000 
1040001300017Q 012029580175000105DANTAS TRANSPORTES - EIRELI             RUA 23                                  CARRILHO       76380733GOIANESIA     GO0000000000000000                                                                       0
1040001300018R 01000000000000000000000000000000000000000000000000220092018000000000000200                                                                                                                                                       
1040001300019P 0101298027300700000000000140000000000274081122027408          2010201800000000000590000000099N0703201822010201800000000000000000000000000000000000000000000000000000000000000000000027408                    3001700090000000000 
1040001300020Q 012029580175000105DANTAS TRANSPORTES - EIRELI             RUA 23                                  CARRILHO       76380733GOIANESIA     GO0000000000000000                                                                       0
1040001300021R 01000000000000000000000000000000000000000000000000220102018000000000000200                                                                                                                                                       
1040001300022P 0101298027300700000000000140000000000274091122027409          2011201800000000000590000000099N0703201822011201800000000000000000000000000000000000000000000000000000000000000000000027409                    3001700090000000000 
1040001300023Q 012029580175000105DANTAS TRANSPORTES - EIRELI             RUA 23                                  CARRILHO       76380733GOIANESIA     GO0000000000000000                                                                       0
1040001300024R 01000000000000000000000000000000000000000000000000220112018000000000000200                                                                                                                                                       
1040001300025P 0101298027300700000000000140000000000274101122027410          2012201800000000000590000000099N0703201822012201800000000000000000000000000000000000000000000000000000000000000000000027410                    3001700090000000000 
1040001300026Q 012029580175000105DANTAS TRANSPORTES - EIRELI             RUA 23                                  CARRILHO       76380733GOIANESIA     GO0000000000000000                                                                       0
1040001300027R 01000000000000000000000000000000000000000000000000220122018000000000000200                                                                                                                                                       
1040001300028P 0101298027300700000000000140000000000274111122027411          2001201900000000000590000000099N0703201822001201900000000000000000000000000000000000000000000000000000000000000000000027411                    3001700090000000000 
1040001300029Q 012029580175000105DANTAS TRANSPORTES - EIRELI             RUA 23                                  CARRILHO       76380733GOIANESIA     GO0000000000000000                                                                       0
1040001300030R 01000000000000000000000000000000000000000000000000220012019000000000000200                                                                                                                                                       
1040001300031P 0101298027300700000000000140000000000274121122027412          2002201900000000000590000000099N0703201822002201900000000000000000000000000000000000000000000000000000000000000000000027412                    3001700090000000000 
1040001300032Q 012029580175000105DANTAS TRANSPORTES - EIRELI             RUA 23                                  CARRILHO       76380733GOIANESIA     GO0000000000000000                                                                       0
1040001300033R 01000000000000000000000000000000000000000000000000220022019000000000000200                                                                                                                                                       
1040001300034P 0101298027300700000000000140000000000274131122027413          2003201900000000000590000000099N0703201822003201900000000000000000000000000000000000000000000000000000000000000000000027413                    3001700090000000000 
1040001300035Q 012029580175000105DANTAS TRANSPORTES - EIRELI             RUA 23                                  CARRILHO       76380733GOIANESIA     GO0000000000000000                                                                       0
1040001300036R 01000000000000000000000000000000000000000000000000220032019000000000000200                                                                                                                                                       
1040001300037P 0101298027300700000000000140000000000274141122027414          2101201800000000000750000000099N0703201822101201800000000000000000000000000000000000000000000000000000000000000000000027414                    3001700090000000000 
1040001300038Q 011000002645586180WALLACE ALVES PEREIRA                   PRACA CIVICA                           CENTRO         76300000CERES          GO0000000000000000                                                                       0
1040001300039R 01000000000000000000000000000000000000000000000000221012018000000000000200                                                                                                                                                       
1040001300040P 0101298027300700000000000140000000000274151122027415          2102201800000000000750000000099N0703201822102201800000000000000000000000000000000000000000000000000000000000000000000027415                    3001700090000000000 
1040001300041Q 011000002645586180WALLACE ALVES PEREIRA                   PRACA CIVICA                           CENTRO         76300000CERES          GO0000000000000000                                                                       0
1040001300042R 01000000000000000000000000000000000000000000000000221022018000000000000200                                                                                                                                                       
1040001300043P 0101298027300700000000000140000000000274161122027416          2103201800000000000750000000099N0703201822103201800000000000000000000000000000000000000000000000000000000000000000000027416                    3001700090000000000 
1040001300044Q 011000002645586180WALLACE ALVES PEREIRA                   PRACA CIVICA                           CENTRO         76300000CERES          GO0000000000000000                                                                       0
1040001300045R 01000000000000000000000000000000000000000000000000221032018000000000000200                                                                                                                                                       
1040001300046P 0101298027300700000000000140000000000274171122027417          2104201800000000000750000000099N0703201822104201800000000000000000000000000000000000000000000000000000000000000000000027417                    3001700090000000000 
1040001300047Q 011000002645586180WALLACE ALVES PEREIRA                   PRACA CIVICA                           CENTRO         76300000CERES          GO0000000000000000                                                                       0
1040001300048R 01000000000000000000000000000000000000000000000000221042018000000000000200                                                                                                                                                       
1040001300049P 0101298027300700000000000140000000000274181122027418          2105201800000000000750000000099N0703201822105201800000000000000000000000000000000000000000000000000000000000000000000027418                    3001700090000000000 
1040001300050Q 011000002645586180WALLACE ALVES PEREIRA                   PRACA CIVICA                           CENTRO         76300000CERES          GO0000000000000000                                                                       0
1040001300051R 01000000000000000000000000000000000000000000000000221052018000000000000200                                                                                                                                                       
1040001300052P 0101298027300700000000000140000000000274191122027419          2106201800000000000750000000099N0703201822106201800000000000000000000000000000000000000000000000000000000000000000000027419                    3001700090000000000 
1040001300053Q 011000002645586180WALLACE ALVES PEREIRA                   PRACA CIVICA                           CENTRO         76300000CERES          GO0000000000000000                                                                       0
1040001300054R 01000000000000000000000000000000000000000000000000221062018000000000000200                                                                                                                                                       
1040001300055P 0101298027300700000000000140000000000274201122027420          2107201800000000000750000000099N0703201822107201800000000000000000000000000000000000000000000000000000000000000000000027420                    3001700090000000000 
1040001300056Q 011000002645586180WALLACE ALVES PEREIRA                   PRACA CIVICA                           CENTRO         76300000CERES          GO0000000000000000                                                                       0
1040001300057R 01000000000000000000000000000000000000000000000000221072018000000000000200                                                                                                                                                       
1040001300058P 0101298027300700000000000140000000000274211122027421          2108201800000000000750000000099N0703201822108201800000000000000000000000000000000000000000000000000000000000000000000027421                    3001700090000000000 
1040001300059Q 011000002645586180WALLACE ALVES PEREIRA                   PRACA CIVICA                           CENTRO         76300000CERES          GO0000000000000000                                                                       0
1040001300060R 01000000000000000000000000000000000000000000000000221082018000000000000200                                                                                                                                                       
1040001300061P 0101298027300700000000000140000000000274221122027422          2109201800000000000750000000099N0703201822109201800000000000000000000000000000000000000000000000000000000000000000000027422                    3001700090000000000 
1040001300062Q 011000002645586180WALLACE ALVES PEREIRA                   PRACA CIVICA                           CENTRO         76300000CERES          GO0000000000000000                                                                       0
1040001300063R 01000000000000000000000000000000000000000000000000221092018000000000000200                                                                                                                                                       
1040001300064P 0101298027300700000000000140000000000274231122027423          2110201800000000000750000000099N0703201822110201800000000000000000000000000000000000000000000000000000000000000000000027423                    3001700090000000000 
1040001300065Q 011000002645586180WALLACE ALVES PEREIRA                   PRACA CIVICA                           CENTRO         76300000CERES          GO0000000000000000                                                                       0
1040001300066R 01000000000000000000000000000000000000000000000000221102018000000000000200                                                                                                                                                       
1040001300067P 0101298027300700000000000140000000000274241122027424          2111201800000000000750000000099N0703201822111201800000000000000000000000000000000000000000000000000000000000000000000027424                    3001700090000000000 
1040001300068Q 011000002645586180WALLACE ALVES PEREIRA                   PRACA CIVICA                           CENTRO         76300000CERES          GO0000000000000000                                                                       0
1040001300069R 01000000000000000000000000000000000000000000000000221112018000000000000200                                                                                                                                                       
1040001300070P 0101298027300700000000000140000000000274251122027425          2112201800000000000750000000099N0703201822112201800000000000000000000000000000000000000000000000000000000000000000000027425                    3001700090000000000 
1040001300071Q 011000002645586180WALLACE ALVES PEREIRA                   PRACA CIVICA                           CENTRO         76300000CERES          GO0000000000000000                                                                       0
1040001300072R 01000000000000000000000000000000000000000000000000221122018000000000000200                                                                                                                                                       
1040001300073P 0101298027300700000000000140000000000274261122027426          1503201800000000004200000000099N0703201821503201800000000000000000000000000000000000000000000000000000000000000000000027426                    3001700090000000000 
1040001300074Q 011000002645586180WALLACE ALVES PEREIRA                   PRACA CIVICA                           CENTRO         76300000CERES          GO0000000000000000                                                                       0
1040001300075R 01000000000000000000000000000000000000000000000000215032018000000000000200                                                                                                                                                       
1040001300076P 0101298027300700000000000140000000000274271122027427          1504201800000000004200000000099N0703201821504201800000000000000000000000000000000000000000000000000000000000000000000027427                    3001700090000000000 
1040001300077Q 011000002645586180WALLACE ALVES PEREIRA                   PRACA CIVICA                           CENTRO         76300000CERES          GO0000000000000000                                                                       0
1040001300078R 01000000000000000000000000000000000000000000000000215042018000000000000200                                                                                                                                                       
1040001300079P 0101298027300700000000000140000000000274281122027428          1505201800000000004200000000099N0703201821505201800000000000000000000000000000000000000000000000000000000000000000000027428                    3001700090000000000 
1040001300080Q 011000002645586180WALLACE ALVES PEREIRA                   PRACA CIVICA                           CENTRO         76300000CERES          GO0000000000000000                                                                       0
1040001300081R 01000000000000000000000000000000000000000000000000215052018000000000000200                                                                                                                                                       
10400015         000083000027000000000002868000000000000000000000000000000000000000000000000                                                                                                                                                    
10499999         000001000085                                                                                                                                                                                                                   