10400000         2116559540001590000000000000000000001298027300700000000FEDERAL SISTEMAS              CAIXA ECONOMICA FEDERAL                 12205201808133800010005000000                    REMESSA-PRODUCAO                                 
10400011R0100030 20116559540001592730070000000000000001298027300700000000FEDERAL SISTEMAS                                                                                              000001002205201800000000                                 
1040001300001P 0101298027300700000000000140000000000310851122031085          2007201800000000001200000000099N0905201822007201800000000000060000000000000000000000000000000000000000000000000000000031085                    3001029090000000000 
1040001300002Q 012000008605170104JUCELIO GUEDES DE MOURA                 RUA 23                                  CARRILHO       76385127GOIANESIA      GO0000000000000000                                                                       
1040001300003R 01000000000000000000000000000000000000000000000000220072018000000000000200                                                                                                                                                       
1040001300004P 0101298027300700000000000140000000000310861122031086          2008201800000000001200000000099N0905201822008201800000000000060000000000000000000000000000000000000000000000000000000031086                    3001029090000000000 
1040001300005Q 012000008605170104JUCELIO GUEDES DE MOURA                 RUA 23                                  CARRILHO       76385127GOIANESIA      GO0000000000000000                                                                       
1040001300006R 01000000000000000000000000000000000000000000000000220082018000000000000200                                                                                                                                                       
1040001300007P 0101298027300700000000000140000000000310871122031087          2009201800000000001200000000099N0905201822009201800000000000060000000000000000000000000000000000000000000000000000000031087                    3001029090000000000 
1040001300008Q 012000008605170104JUCELIO GUEDES DE MOURA                 RUA 23                                  CARRILHO       76385127GOIANESIA      GO0000000000000000                                                                       
1040001300009R 01000000000000000000000000000000000000000000000000220092018000000000000200                                                                                                                                                       
1040001300010P 0101298027300700000000000140000000000310881122031088          2010201800000000001200000000099N0905201822010201800000000000060000000000000000000000000000000000000000000000000000000031088                    3001029090000000000 
1040001300011Q 012000008605170104JUCELIO GUEDES DE MOURA                 RUA 23                                  CARRILHO       76385127GOIANESIA      GO0000000000000000                                                                       
1040001300012R 01000000000000000000000000000000000000000000000000220102018000000000000200                                                                                                                                                       
1040001300013P 0101298027300700000000000140000000000310891122031089          2011201800000000001200000000099N0905201822011201800000000000060000000000000000000000000000000000000000000000000000000031089                    3001029090000000000 
1040001300014Q 012000008605170104JUCELIO GUEDES DE MOURA                 RUA 23                                  CARRILHO       76385127GOIANESIA      GO0000000000000000                                                                       
1040001300015R 01000000000000000000000000000000000000000000000000220112018000000000000200                                                                                                                                                       
1040001300016P 0101298027300700000000000140000000000310901122031090          2012201800000000001200000000099N0905201822012201800000000000060000000000000000000000000000000000000000000000000000000031090                    3001029090000000000 
1040001300017Q 012000008605170104JUCELIO GUEDES DE MOURA                 RUA 23                                  CARRILHO       76385127GOIANESIA      GO0000000000000000                                                                       
1040001300018R 01000000000000000000000000000000000000000000000000220122018000000000000200                                                                                                                                                       
1040001300019P 0101298027300700000000000140000000000310911122031091          2001201900000000001200000000099N0905201822001201900000000000060000000000000000000000000000000000000000000000000000000031091                    3001029090000000000 
1040001300020Q 012000008605170104JUCELIO GUEDES DE MOURA                 RUA 23                                  CARRILHO       76385127GOIANESIA      GO0000000000000000                                                                       
1040001300021R 01000000000000000000000000000000000000000000000000220012019000000000000200                                                                                                                                                       
1040001300022P 0101298027300700000000000140000000000310921122031092          2002201900000000001200000000099N0905201822002201900000000000060000000000000000000000000000000000000000000000000000000031092                    3001029090000000000 
1040001300023Q 012000008605170104JUCELIO GUEDES DE MOURA                 RUA 23                                  CARRILHO       76385127GOIANESIA      GO0000000000000000                                                                       
1040001300024R 01000000000000000000000000000000000000000000000000220022019000000000000200                                                                                                                                                       
1040001300025P 0101298027300700000000000140000000000310941122031094          1505201800000000005700000000099N0905201821505201800000000000060000000000000000000000000000000000000000000000000000000031094                    3001029090000000000 
1040001300026Q 012016621870000118DAMIAO JOAO NEVES - ME                  AV CATALAO ESQ R CRIXAS Q6 L4           CENTRO         76380000SANTA TEREZINHAGO0000000000000000                                                                       
1040001300027R 01000000000000000000000000000000000000000000000000215052018000000000000200                                                                                                                                                       
1040001300028P 0101298027300700000000000140000000000310951122031095          1506201800000000005700000000099N0905201821506201800000000000060000000000000000000000000000000000000000000000000000000031095                    3001029090000000000 
1040001300029Q 012016621870000118DAMIAO JOAO NEVES - ME                  AV CATALAO ESQ R CRIXAS Q6 L4           CENTRO         76380000SANTA TEREZINHAGO0000000000000000                                                                       
1040001300030R 01000000000000000000000000000000000000000000000000215062018000000000000200                                                                                                                                                       
1040001300031P 0101298027300700000000000140000000000310961122031096          1507201800000000005700000000099N0905201821507201800000000000060000000000000000000000000000000000000000000000000000000031096                    3001029090000000000 
1040001300032Q 012016621870000118DAMIAO JOAO NEVES - ME                  AV CATALAO ESQ R CRIXAS Q6 L4           CENTRO         76380000SANTA TEREZINHAGO0000000000000000                                                                       
1040001300033R 01000000000000000000000000000000000000000000000000215072018000000000000200                                                                                                                                                       
1040001300034P 0101298027300700000000000140000000000310971122031097          1508201800000000005700000000099N0905201821508201800000000000060000000000000000000000000000000000000000000000000000000031097                    3001029090000000000 
1040001300035Q 012016621870000118DAMIAO JOAO NEVES - ME                  AV CATALAO ESQ R CRIXAS Q6 L4           CENTRO         76380000SANTA TEREZINHAGO0000000000000000                                                                       
1040001300036R 01000000000000000000000000000000000000000000000000215082018000000000000200                                                                                                                                                       
10400015         000038000012000000000003240000000000000000000000000000000000000000000000000                                                                                                                                                    
10499999         000001000040                                                                                                                                                                                                                   