10400000         2116559540001590000000000000000000001298027300700000000FEDERAL SISTEMAS              CAIXA ECONOMICA FEDERAL                 12603201817191600005205000000                    REMESSA-PRODUCAO                                 
10400011R0100030 20116559540001592730070000000000000001298027300700000000FEDERAL SISTEMAS                                                                                              000000522603201800000000                                 
1040001300001P 0101298027300700000000000140000000000280731122028073          2603201800000000000913000000099N2603201822603201800000000000060000000000000000000000000000000000000000000000000000000028073                    3001090090000000000 
1040001300002Q 012019966273000113ELUAN ARINOS DA SILVA FERREIRA - ME     AV PADRE ADOLPHO RHOL                   SETOR 05       76890000JARU           RO0000000000000000                                                                       
1040001300003R 01000000000000000000000000000000000000000000000000226032018000000000000200                                                                                                                                                       
1040001300004P 0101298027300700000000000140000000000280741122028074          2004201800000000000590000000099N2603201822004201800000000000060000000000000000000000000000000000000000000000000000000028074                    3001090090000000000 
1040001300005Q 012010715461000102OLGA PATRICIO SIMAO - ME                RUA GONZAGA JAYME S N                   CENTRO         76395000SANTA RITA DO NGO0000000000000000                                                                       
1040001300006R 01000000000000000000000000000000000000000000000000220042018000000000000200                                                                                                                                                       
1040001300007P 0101298027300700000000000140000000000280761122028076          2006201800000000000590000000099N2603201822006201800000000000060000000000000000000000000000000000000000000000000000000028076                    3001090090000000000 
1040001300008Q 012010715461000102OLGA PATRICIO SIMAO - ME                RUA GONZAGA JAYME S N                   CENTRO         76395000SANTA RITA DO NGO0000000000000000                                                                       
1040001300009R 01000000000000000000000000000000000000000000000000220062018000000000000200                                                                                                                                                       
1040001300010P 0101298027300700000000000140000000000280771122028077          2007201800000000000590000000099N2603201822007201800000000000060000000000000000000000000000000000000000000000000000000028077                    3001090090000000000 
1040001300011Q 012010715461000102OLGA PATRICIO SIMAO - ME                RUA GONZAGA JAYME S N                   CENTRO         76395000SANTA RITA DO NGO0000000000000000                                                                       
1040001300012R 01000000000000000000000000000000000000000000000000220072018000000000000200                                                                                                                                                       
1040001300013P 0101298027300700000000000140000000000280781122028078          2008201800000000000590000000099N2603201822008201800000000000060000000000000000000000000000000000000000000000000000000028078                    3001090090000000000 
1040001300014Q 012010715461000102OLGA PATRICIO SIMAO - ME                RUA GONZAGA JAYME S N                   CENTRO         76395000SANTA RITA DO NGO0000000000000000                                                                       
1040001300015R 01000000000000000000000000000000000000000000000000220082018000000000000200                                                                                                                                                       
1040001300016P 0101298027300700000000000140000000000280791122028079          2009201800000000000590000000099N2603201822009201800000000000060000000000000000000000000000000000000000000000000000000028079                    3001090090000000000 
1040001300017Q 012010715461000102OLGA PATRICIO SIMAO - ME                RUA GONZAGA JAYME S N                   CENTRO         76395000SANTA RITA DO NGO0000000000000000                                                                       
1040001300018R 01000000000000000000000000000000000000000000000000220092018000000000000200                                                                                                                                                       
1040001300019P 0101298027300700000000000140000000000280801122028080          2010201800000000000590000000099N2603201822010201800000000000060000000000000000000000000000000000000000000000000000000028080                    3001090090000000000 
1040001300020Q 012010715461000102OLGA PATRICIO SIMAO - ME                RUA GONZAGA JAYME S N                   CENTRO         76395000SANTA RITA DO NGO0000000000000000                                                                       
1040001300021R 01000000000000000000000000000000000000000000000000220102018000000000000200                                                                                                                                                       
1040001300022P 0101298027300700000000000140000000000280821122028082          2012201800000000000590000000099N2603201822012201800000000000060000000000000000000000000000000000000000000000000000000028082                    3001090090000000000 
1040001300023Q 012010715461000102OLGA PATRICIO SIMAO - ME                RUA GONZAGA JAYME S N                   CENTRO         76395000SANTA RITA DO NGO0000000000000000                                                                       
1040001300024R 01000000000000000000000000000000000000000000000000220122018000000000000200                                                                                                                                                       
1040001300025P 0101298027300700000000000140000000000280831122028083          2001201900000000000399000000099N2603201822001201900000000000060000000000000000000000000000000000000000000000000000000028083                    3001090090000000000 
1040001300026Q 012010715461000102OLGA PATRICIO SIMAO - ME                RUA GONZAGA JAYME S N                   CENTRO         76395000SANTA RITA DO NGO0000000000000000                                                                       
1040001300027R 01000000000000000000000000000000000000000000000000220012019000000000000200                                                                                                                                                       
1040001300028P 0101298027300700000000000140000000000280841122028084          2002201900000000000399000000099N2603201822002201900000000000060000000000000000000000000000000000000000000000000000000028084                    3001090090000000000 
1040001300029Q 012010715461000102OLGA PATRICIO SIMAO - ME                RUA GONZAGA JAYME S N                   CENTRO         76395000SANTA RITA DO NGO0000000000000000                                                                       
1040001300030R 01000000000000000000000000000000000000000000000000220022019000000000000200                                                                                                                                                       
1040001300031P 0101298027300700000000000140000000000280851122028085          2003201900000000000399000000099N2603201822003201900000000000060000000000000000000000000000000000000000000000000000000028085                    3001090090000000000 
1040001300032Q 012010715461000102OLGA PATRICIO SIMAO - ME                RUA GONZAGA JAYME S N                   CENTRO         76395000SANTA RITA DO NGO0000000000000000                                                                       
1040001300033R 01000000000000000000000000000000000000000000000000220032019000000000000200                                                                                                                                                       
1040001300034P 0101298027300700000000000140000000000280861122028086          2603201800000000000560000000099N2603201822603201800000000000060000000000000000000000000000000000000000000000000000000028086                    3001090090000000000 
1040001300035Q 012027538868000104TALITA GOMES DA SILVA DOS SANTOS        E 104 SUL                               PLANO DIRETOR S77020020PALMAS         TO0000000000000000                                                                       
1040001300036R 01000000000000000000000000000000000000000000000000226032018000000000000200                                                                                                                                                       
10400015         000038000012000000000000680000000000000000000000000000000000000000000000000                                                                                                                                                    
10499999         000001000040                                                                                                                                                                                                                   