10400000         2116559540001590000000000000000000001298027300700000000FEDERAL SISTEMAS              CAIXA ECONOMICA FEDERAL                 10204201816493000005605000000                    REMESSA-PRODUCAO                                 
10400011R0100030 20116559540001592730070000000000000001298027300700000000FEDERAL SISTEMAS                                                                                              000000560204201800000000                                 
1040001300001P 0101298027300700000000000140000000000282131122028213          0604201800000000100890000000099N2903201820604201800000000000060000000000000000000000000000000000000000000000000000000028213                    3001090090000000000 
1040001300002Q 012002635522000195JALLES MACHADO SA                       FAZ SAO PEDRO ROD GO 080 KM 75 1        ZONA RURAL     76380000GOIANESIA      GO0000000000000000                                                                       
1040001300003R 01000000000000000000000000000000000000000000000000206042018000000000000200                                                                                                                                                       
1040001300004P 0101298027300700000000000140000000000282141122028214          0604201800000000014200000000099N2903201820604201800000000000060000000000000000000000000000000000000000000000000000000028214                    3001090090000000000 
1040001300005Q 012002635522004930JALLES MACHADO S/A UNIDADE OTAVIO LAGE  RODOVIA GO 338                          ZONA RURAL     76380000GOIANESIA      GO0000000000000000                                                                       
1040001300006R 01000000000000000000000000000000000000000000000000206042018000000000000200                                                                                                                                                       
1040001300007P 0101298027300700000000000140000000000282151122028215          1005201800000000000750000000099N2903201821005201800000000000060000000000000000000000000000000000000000000000000000000028215                    3001090090000000000 
1040001300008Q 012002160509000127SINVAL JOSE DOS SANTOS E CIA LTDA ME    AVENIDA 2                               SETOR INDUSTRIA76300000CERES          GO0000000000000000                                                                       
1040001300009R 01000000000000000000000000000000000000000000000000210052018000000000000200                                                                                                                                                       
1040001300010P 0101298027300700000000000140000000000282161122028216          1006201800000000000750000000099N2903201821006201800000000000060000000000000000000000000000000000000000000000000000000028216                    3001090090000000000 
1040001300011Q 012002160509000127SINVAL JOSE DOS SANTOS E CIA LTDA ME    AVENIDA 2                               SETOR INDUSTRIA76300000CERES          GO0000000000000000                                                                       
1040001300012R 01000000000000000000000000000000000000000000000000210062018000000000000200                                                                                                                                                       
1040001300013P 0101298027300700000000000140000000000282171122028217          1007201800000000000750000000099N2903201821007201800000000000060000000000000000000000000000000000000000000000000000000028217                    3001090090000000000 
1040001300014Q 012002160509000127SINVAL JOSE DOS SANTOS E CIA LTDA ME    AVENIDA 2                               SETOR INDUSTRIA76300000CERES          GO0000000000000000                                                                       
1040001300015R 01000000000000000000000000000000000000000000000000210072018000000000000200                                                                                                                                                       
1040001300016P 0101298027300700000000000140000000000282181122028218          1008201800000000000750000000099N2903201821008201800000000000060000000000000000000000000000000000000000000000000000000028218                    3001090090000000000 
1040001300017Q 012002160509000127SINVAL JOSE DOS SANTOS E CIA LTDA ME    AVENIDA 2                               SETOR INDUSTRIA76300000CERES          GO0000000000000000                                                                       
1040001300018R 01000000000000000000000000000000000000000000000000210082018000000000000200                                                                                                                                                       
1040001300019P 0101298027300700000000000140000000000282191122028219          1009201800000000000750000000099N2903201821009201800000000000060000000000000000000000000000000000000000000000000000000028219                    3001090090000000000 
1040001300020Q 012002160509000127SINVAL JOSE DOS SANTOS E CIA LTDA ME    AVENIDA 2                               SETOR INDUSTRIA76300000CERES          GO0000000000000000                                                                       
1040001300021R 01000000000000000000000000000000000000000000000000210092018000000000000200                                                                                                                                                       
1040001300022P 0101298027300700000000000140000000000282201122028220          1010201800000000000750000000099N2903201821010201800000000000060000000000000000000000000000000000000000000000000000000028220                    3001090090000000000 
1040001300023Q 012002160509000127SINVAL JOSE DOS SANTOS E CIA LTDA ME    AVENIDA 2                               SETOR INDUSTRIA76300000CERES          GO0000000000000000                                                                       
1040001300024R 01000000000000000000000000000000000000000000000000210102018000000000000200                                                                                                                                                       
1040001300025P 0101298027300700000000000140000000000282211122028221          1011201800000000000750000000099N2903201821011201800000000000060000000000000000000000000000000000000000000000000000000028221                    3001090090000000000 
1040001300026Q 012002160509000127SINVAL JOSE DOS SANTOS E CIA LTDA ME    AVENIDA 2                               SETOR INDUSTRIA76300000CERES          GO0000000000000000                                                                       
1040001300027R 01000000000000000000000000000000000000000000000000210112018000000000000200                                                                                                                                                       
1040001300028P 0101298027300700000000000140000000000282221122028222          1012201800000000000750000000099N2903201821012201800000000000060000000000000000000000000000000000000000000000000000000028222                    3001090090000000000 
1040001300029Q 012002160509000127SINVAL JOSE DOS SANTOS E CIA LTDA ME    AVENIDA 2                               SETOR INDUSTRIA76300000CERES          GO0000000000000000                                                                       
1040001300030R 01000000000000000000000000000000000000000000000000210122018000000000000200                                                                                                                                                       
1040001300031P 0101298027300700000000000140000000000282231122028223          1001201900000000000750000000099N2903201821001201900000000000060000000000000000000000000000000000000000000000000000000028223                    3001090090000000000 
1040001300032Q 012002160509000127SINVAL JOSE DOS SANTOS E CIA LTDA ME    AVENIDA 2                               SETOR INDUSTRIA76300000CERES          GO0000000000000000                                                                       
1040001300033R 01000000000000000000000000000000000000000000000000210012019000000000000200                                                                                                                                                       
1040001300034P 0101298027300700000000000140000000000282241122028224          1002201900000000000750000000099N2903201821002201900000000000060000000000000000000000000000000000000000000000000000000028224                    3001090090000000000 
1040001300035Q 012002160509000127SINVAL JOSE DOS SANTOS E CIA LTDA ME    AVENIDA 2                               SETOR INDUSTRIA76300000CERES          GO0000000000000000                                                                       
1040001300036R 01000000000000000000000000000000000000000000000000210022019000000000000200                                                                                                                                                       
1040001300037P 0101298027300700000000000140000000000282251122028225          1003201900000000000750000000099N2903201821003201900000000000060000000000000000000000000000000000000000000000000000000028225                    3001090090000000000 
1040001300038Q 012002160509000127SINVAL JOSE DOS SANTOS E CIA LTDA ME    AVENIDA 2                               SETOR INDUSTRIA76300000CERES          GO0000000000000000                                                                       
1040001300039R 01000000000000000000000000000000000000000000000000210032019000000000000200                                                                                                                                                       
1040001300040P 0101298027300700000000000140000000000282261122028226          1004201900000000000750000000099N2903201821004201900000000000060000000000000000000000000000000000000000000000000000000028226                    3001090090000000000 
1040001300041Q 012002160509000127SINVAL JOSE DOS SANTOS E CIA LTDA ME    AVENIDA 2                               SETOR INDUSTRIA76300000CERES          GO0000000000000000                                                                       
1040001300042R 01000000000000000000000000000000000000000000000000210042019000000000000200                                                                                                                                                       
1040001300043P 0101298027300700000000000140000000000282271122028227          0204201800000000010000000000099N2903201820204201800000000000060000000000000000000000000000000000000000000000000000000028227                    3001090090000000000 
1040001300044Q 011000099376660153LUCIA DA COSTA ANDRADE SILVA            RUA DAS TORRES                          JARDIM PETROPOL76300000CERES          GO0000000000000000                                                                       
1040001300045R 01000000000000000000000000000000000000000000000000202042018000000000000200                                                                                                                                                       
1040001300046P 0101298027300700000000000140000000000282281122028228          3003201800000000002500000000099N2903201823003201800000000000060000000000000000000000000000000000000000000000000000000028228                    3001090090000000000 
1040001300047Q 012029926213000120JIS TRANSPORTES E LOGISTICA EIRELI      RUA 37  NORTE                           CARRILHO       76380772GOIANESIA      GO0000000000000000                                                                       
1040001300048R 01000000000000000000000000000000000000000000000000230032018000000000000200                                                                                                                                                       
1040001300049P 0101298027300700000000000140000000000282291122028229          2904201800000000000590000000099N2903201822904201800000000000060000000000000000000000000000000000000000000000000000000028229                    3001090090000000000 
1040001300050Q 012029926213000120JIS TRANSPORTES E LOGISTICA EIRELI      RUA 37  NORTE                           CARRILHO       76380772GOIANESIA      GO0000000000000000                                                                       
1040001300051R 01000000000000000000000000000000000000000000000000229042018000000000000200                                                                                                                                                       
1040001300052P 0101298027300700000000000140000000000282301122028230          2905201800000000000590000000099N2903201822905201800000000000060000000000000000000000000000000000000000000000000000000028230                    3001090090000000000 
1040001300053Q 012029926213000120JIS TRANSPORTES E LOGISTICA EIRELI      RUA 37  NORTE                           CARRILHO       76380772GOIANESIA      GO0000000000000000                                                                       
1040001300054R 01000000000000000000000000000000000000000000000000229052018000000000000200                                                                                                                                                       
1040001300055P 0101298027300700000000000140000000000282311122028231          2906201800000000000590000000099N2903201822906201800000000000060000000000000000000000000000000000000000000000000000000028231                    3001090090000000000 
1040001300056Q 012029926213000120JIS TRANSPORTES E LOGISTICA EIRELI      RUA 37  NORTE                           CARRILHO       76380772GOIANESIA      GO0000000000000000                                                                       
1040001300057R 01000000000000000000000000000000000000000000000000229062018000000000000200                                                                                                                                                       
1040001300058P 0101298027300700000000000140000000000282321122028232          2907201800000000000590000000099N2903201822907201800000000000060000000000000000000000000000000000000000000000000000000028232                    3001090090000000000 
1040001300059Q 012029926213000120JIS TRANSPORTES E LOGISTICA EIRELI      RUA 37  NORTE                           CARRILHO       76380772GOIANESIA      GO0000000000000000                                                                       
1040001300060R 01000000000000000000000000000000000000000000000000229072018000000000000200                                                                                                                                                       
1040001300061P 0101298027300700000000000140000000000282331122028233          2908201800000000000590000000099N2903201822908201800000000000060000000000000000000000000000000000000000000000000000000028233                    3001090090000000000 
1040001300062Q 012029926213000120JIS TRANSPORTES E LOGISTICA EIRELI      RUA 37  NORTE                           CARRILHO       76380772GOIANESIA      GO0000000000000000                                                                       
1040001300063R 01000000000000000000000000000000000000000000000000229082018000000000000200                                                                                                                                                       
1040001300064P 0101298027300700000000000140000000000282341122028234          2909201800000000000590000000099N2903201822909201800000000000060000000000000000000000000000000000000000000000000000000028234                    3001090090000000000 
1040001300065Q 012029926213000120JIS TRANSPORTES E LOGISTICA EIRELI      RUA 37  NORTE                           CARRILHO       76380772GOIANESIA      GO0000000000000000                                                                       
1040001300066R 01000000000000000000000000000000000000000000000000229092018000000000000200                                                                                                                                                       
1040001300067P 0101298027300700000000000140000000000282351122028235          2910201800000000000590000000099N2903201822910201800000000000060000000000000000000000000000000000000000000000000000000028235                    3001090090000000000 
1040001300068Q 012029926213000120JIS TRANSPORTES E LOGISTICA EIRELI      RUA 37  NORTE                           CARRILHO       76380772GOIANESIA      GO0000000000000000                                                                       
1040001300069R 01000000000000000000000000000000000000000000000000229102018000000000000200                                                                                                                                                       
1040001300070P 0101298027300700000000000140000000000282361122028236          2911201800000000000590000000099N2903201822911201800000000000060000000000000000000000000000000000000000000000000000000028236                    3001090090000000000 
1040001300071Q 012029926213000120JIS TRANSPORTES E LOGISTICA EIRELI      RUA 37  NORTE                           CARRILHO       76380772GOIANESIA      GO0000000000000000                                                                       
1040001300072R 01000000000000000000000000000000000000000000000000229112018000000000000200                                                                                                                                                       
1040001300073P 0101298027300700000000000140000000000282371122028237          2912201800000000000590000000099N2903201822912201800000000000060000000000000000000000000000000000000000000000000000000028237                    3001090090000000000 
1040001300074Q 012029926213000120JIS TRANSPORTES E LOGISTICA EIRELI      RUA 37  NORTE                           CARRILHO       76380772GOIANESIA      GO0000000000000000                                                                       
1040001300075R 01000000000000000000000000000000000000000000000000229122018000000000000200                                                                                                                                                       
1040001300076P 0101298027300700000000000140000000000282381122028238          2901201900000000000590000000099N2903201822901201900000000000060000000000000000000000000000000000000000000000000000000028238                    3001090090000000000 
1040001300077Q 012029926213000120JIS TRANSPORTES E LOGISTICA EIRELI      RUA 37  NORTE                           CARRILHO       76380772GOIANESIA      GO0000000000000000                                                                       
1040001300078R 01000000000000000000000000000000000000000000000000229012019000000000000200                                                                                                                                                       
1040001300079P 0101298027300700000000000140000000000282391122028239          2802201900000000000590000000099N2903201822802201900000000000060000000000000000000000000000000000000000000000000000000028239                    3001090090000000000 
1040001300080Q 012029926213000120JIS TRANSPORTES E LOGISTICA EIRELI      RUA 37  NORTE                           CARRILHO       76380772GOIANESIA      GO0000000000000000                                                                       
1040001300081R 01000000000000000000000000000000000000000000000000228022019000000000000200                                                                                                                                                       
1040001300082P 0101298027300700000000000140000000000282401122028240          2903201900000000000590000000099N2903201822903201900000000000060000000000000000000000000000000000000000000000000000000028240                    3001090090000000000 
1040001300083Q 012029926213000120JIS TRANSPORTES E LOGISTICA EIRELI      RUA 37  NORTE                           CARRILHO       76380772GOIANESIA      GO0000000000000000                                                                       
1040001300084R 01000000000000000000000000000000000000000000000000229032019000000000000200                                                                                                                                                       
1040001300085P 0101298027300700000000000140000000000282411122028241          2903201800000000007500000000099N2903201822903201800000000000060000000000000000000000000000000000000000000000000000000028241                    3001090090000000000 
1040001300086Q 012009401057000177VP TRANSPORTES DE CARGAS LTDA EPP       RUA 23 N 226                            CARRILHO       76380000GOIANESIA      GO0000000000000000                                                                       
1040001300087R 01000000000000000000000000000000000000000000000000229032018000000000000200                                                                                                                                                       
1040001300088P 0101298027300700000000000140000000000282431122028243          0505201800000000001770000000099N2903201820505201800000000000060000000000000000000000000000000000000000000000000000000028243                    3001090090000000000 
1040001300089Q 012009401057000177VP TRANSPORTES DE CARGAS LTDA EPP       RUA 23 N 226                            CARRILHO       76380000GOIANESIA      GO0000000000000000                                                                       
1040001300090R 01000000000000000000000000000000000000000000000000205052018000000000000200                                                                                                                                                       
1040001300091P 0101298027300700000000000140000000000282441122028244          0506201800000000001770000000099N2903201820506201800000000000060000000000000000000000000000000000000000000000000000000028244                    3001090090000000000 
1040001300092Q 012009401057000177VP TRANSPORTES DE CARGAS LTDA EPP       RUA 23 N 226                            CARRILHO       76380000GOIANESIA      GO0000000000000000                                                                       
1040001300093R 01000000000000000000000000000000000000000000000000205062018000000000000200                                                                                                                                                       
1040001300094P 0101298027300700000000000140000000000282451122028245          0507201800000000001770000000099N2903201820507201800000000000060000000000000000000000000000000000000000000000000000000028245                    3001090090000000000 
1040001300095Q 012009401057000177VP TRANSPORTES DE CARGAS LTDA EPP       RUA 23 N 226                            CARRILHO       76380000GOIANESIA      GO0000000000000000                                                                       
1040001300096R 01000000000000000000000000000000000000000000000000205072018000000000000200                                                                                                                                                       
1040001300097P 0101298027300700000000000140000000000282461122028246          0508201800000000001770000000099N2903201820508201800000000000060000000000000000000000000000000000000000000000000000000028246                    3001090090000000000 
1040001300098Q 012009401057000177VP TRANSPORTES DE CARGAS LTDA EPP       RUA 23 N 226                            CARRILHO       76380000GOIANESIA      GO0000000000000000                                                                       
1040001300099R 01000000000000000000000000000000000000000000000000205082018000000000000200                                                                                                                                                       
1040001300100P 0101298027300700000000000140000000000282471122028247          0509201800000000001770000000099N2903201820509201800000000000060000000000000000000000000000000000000000000000000000000028247                    3001090090000000000 
1040001300101Q 012009401057000177VP TRANSPORTES DE CARGAS LTDA EPP       RUA 23 N 226                            CARRILHO       76380000GOIANESIA      GO0000000000000000                                                                       
1040001300102R 01000000000000000000000000000000000000000000000000205092018000000000000200                                                                                                                                                       
1040001300103P 0101298027300700000000000140000000000282481122028248          0510201800000000001770000000099N2903201820510201800000000000060000000000000000000000000000000000000000000000000000000028248                    3001090090000000000 
1040001300104Q 012009401057000177VP TRANSPORTES DE CARGAS LTDA EPP       RUA 23 N 226                            CARRILHO       76380000GOIANESIA      GO0000000000000000                                                                       
1040001300105R 01000000000000000000000000000000000000000000000000205102018000000000000200                                                                                                                                                       
1040001300106P 0101298027300700000000000140000000000282491122028249          0511201800000000001770000000099N2903201820511201800000000000060000000000000000000000000000000000000000000000000000000028249                    3001090090000000000 
1040001300107Q 012009401057000177VP TRANSPORTES DE CARGAS LTDA EPP       RUA 23 N 226                            CARRILHO       76380000GOIANESIA      GO0000000000000000                                                                       
1040001300108R 01000000000000000000000000000000000000000000000000205112018000000000000200                                                                                                                                                       
1040001300109P 0101298027300700000000000140000000000282501122028250          0512201800000000001770000000099N2903201820512201800000000000060000000000000000000000000000000000000000000000000000000028250                    3001090090000000000 
1040001300110Q 012009401057000177VP TRANSPORTES DE CARGAS LTDA EPP       RUA 23 N 226                            CARRILHO       76380000GOIANESIA      GO0000000000000000                                                                       
1040001300111R 01000000000000000000000000000000000000000000000000205122018000000000000200                                                                                                                                                       
1040001300112P 0101298027300700000000000140000000000282511122028251          0501201900000000001770000000099N2903201820501201900000000000060000000000000000000000000000000000000000000000000000000028251                    3001090090000000000 
1040001300113Q 012009401057000177VP TRANSPORTES DE CARGAS LTDA EPP       RUA 23 N 226                            CARRILHO       76380000GOIANESIA      GO0000000000000000                                                                       
1040001300114R 01000000000000000000000000000000000000000000000000205012019000000000000200                                                                                                                                                       
1040001300115P 0101298027300700000000000140000000000282521122028252          0502201900000000001770000000099N2903201820502201900000000000060000000000000000000000000000000000000000000000000000000028252                    3001090090000000000 
1040001300116Q 012009401057000177VP TRANSPORTES DE CARGAS LTDA EPP       RUA 23 N 226                            CARRILHO       76380000GOIANESIA      GO0000000000000000                                                                       
1040001300117R 01000000000000000000000000000000000000000000000000205022019000000000000200                                                                                                                                                       
1040001300118P 0101298027300700000000000140000000000282531122028253          0503201900000000001770000000099N2903201820503201900000000000060000000000000000000000000000000000000000000000000000000028253                    3001090090000000000 
1040001300119Q 012009401057000177VP TRANSPORTES DE CARGAS LTDA EPP       RUA 23 N 226                            CARRILHO       76380000GOIANESIA      GO0000000000000000                                                                       
1040001300120R 01000000000000000000000000000000000000000000000000205032019000000000000200                                                                                                                                                       
1040001300121P 0101298027300700000000000140000000000282541122028254          0501201800000000001500000000099N2903201820501201800000000000060000000000000000000000000000000000000000000000000000000028254                    3001090090000000000 
1040001300122Q 011000030242924620HIRAN VIEIRA PINTO                      RUA 7 N 330                             CENTRO         76300000CERES          GO0000000000000000                                                                       
1040001300123R 01000000000000000000000000000000000000000000000000205012018000000000000200                                                                                                                                                       
1040001300124P 0101298027300700000000000140000000000282551122028255          0502201800000000001500000000099N2903201820502201800000000000060000000000000000000000000000000000000000000000000000000028255                    3001090090000000000 
1040001300125Q 011000030242924620HIRAN VIEIRA PINTO                      RUA 7 N 330                             CENTRO         76300000CERES          GO0000000000000000                                                                       
1040001300126R 01000000000000000000000000000000000000000000000000205022018000000000000200                                                                                                                                                       
1040001300127P 0101298027300700000000000140000000000282561122028256          0503201800000000001500000000099N2903201820503201800000000000060000000000000000000000000000000000000000000000000000000028256                    3001090090000000000 
1040001300128Q 011000030242924620HIRAN VIEIRA PINTO                      RUA 7 N 330                             CENTRO         76300000CERES          GO0000000000000000                                                                       
1040001300129R 01000000000000000000000000000000000000000000000000205032018000000000000200                                                                                                                                                       
1040001300130P 0101298027300700000000000140000000000282571122028257          0504201800000000001500000000099N2903201820504201800000000000060000000000000000000000000000000000000000000000000000000028257                    3001090090000000000 
1040001300131Q 011000030242924620HIRAN VIEIRA PINTO                      RUA 7 N 330                             CENTRO         76300000CERES          GO0000000000000000                                                                       
1040001300132R 01000000000000000000000000000000000000000000000000205042018000000000000200                                                                                                                                                       
1040001300133P 0101298027300700000000000140000000000282581122028258          0505201800000000001500000000099N2903201820505201800000000000060000000000000000000000000000000000000000000000000000000028258                    3001090090000000000 
1040001300134Q 011000030242924620HIRAN VIEIRA PINTO                      RUA 7 N 330                             CENTRO         76300000CERES          GO0000000000000000                                                                       
1040001300135R 01000000000000000000000000000000000000000000000000205052018000000000000200                                                                                                                                                       
1040001300136P 0101298027300700000000000140000000000282591122028259          0506201800000000001500000000099N2903201820506201800000000000060000000000000000000000000000000000000000000000000000000028259                    3001090090000000000 
1040001300137Q 011000030242924620HIRAN VIEIRA PINTO                      RUA 7 N 330                             CENTRO         76300000CERES          GO0000000000000000                                                                       
1040001300138R 01000000000000000000000000000000000000000000000000205062018000000000000200                                                                                                                                                       
1040001300139P 0101298027300700000000000140000000000282601122028260          0507201800000000001500000000099N2903201820507201800000000000060000000000000000000000000000000000000000000000000000000028260                    3001090090000000000 
1040001300140Q 011000030242924620HIRAN VIEIRA PINTO                      RUA 7 N 330                             CENTRO         76300000CERES          GO0000000000000000                                                                       
1040001300141R 01000000000000000000000000000000000000000000000000205072018000000000000200                                                                                                                                                       
1040001300142P 0101298027300700000000000140000000000282611122028261          0508201800000000001500000000099N2903201820508201800000000000060000000000000000000000000000000000000000000000000000000028261                    3001090090000000000 
1040001300143Q 011000030242924620HIRAN VIEIRA PINTO                      RUA 7 N 330                             CENTRO         76300000CERES          GO0000000000000000                                                                       
1040001300144R 01000000000000000000000000000000000000000000000000205082018000000000000200                                                                                                                                                       
1040001300145P 0101298027300700000000000140000000000282621122028262          0509201800000000001500000000099N2903201820509201800000000000060000000000000000000000000000000000000000000000000000000028262                    3001090090000000000 
1040001300146Q 011000030242924620HIRAN VIEIRA PINTO                      RUA 7 N 330                             CENTRO         76300000CERES          GO0000000000000000                                                                       
1040001300147R 01000000000000000000000000000000000000000000000000205092018000000000000200                                                                                                                                                       
1040001300148P 0101298027300700000000000140000000000282631122028263          0510201800000000001500000000099N2903201820510201800000000000060000000000000000000000000000000000000000000000000000000028263                    3001090090000000000 
1040001300149Q 011000030242924620HIRAN VIEIRA PINTO                      RUA 7 N 330                             CENTRO         76300000CERES          GO0000000000000000                                                                       
1040001300150R 01000000000000000000000000000000000000000000000000205102018000000000000200                                                                                                                                                       
1040001300151P 0101298027300700000000000140000000000282641122028264          0511201800000000001500000000099N2903201820511201800000000000060000000000000000000000000000000000000000000000000000000028264                    3001090090000000000 
1040001300152Q 011000030242924620HIRAN VIEIRA PINTO                      RUA 7 N 330                             CENTRO         76300000CERES          GO0000000000000000                                                                       
1040001300153R 01000000000000000000000000000000000000000000000000205112018000000000000200                                                                                                                                                       
1040001300154P 0101298027300700000000000140000000000282651122028265          0512201800000000001500000000099N2903201820512201800000000000060000000000000000000000000000000000000000000000000000000028265                    3001090090000000000 
1040001300155Q 011000030242924620HIRAN VIEIRA PINTO                      RUA 7 N 330                             CENTRO         76300000CERES          GO0000000000000000                                                                       
1040001300156R 01000000000000000000000000000000000000000000000000205122018000000000000200                                                                                                                                                       
10400015         000158000052000000000018864000000000000000000000000000000000000000000000000                                                                                                                                                    
10499999         000001000160                                                                                                                                                                                                                   