10400000         2116559540001590000000000000000000001298027300700000000FEDERAL SISTEMAS              CAIXA ECONOMICA FEDERAL                 10503201818183200002905000000                    REMESSA-PRODUCAO                                 
10400011R0100030 20116559540001592730070000000000000001298027300700000000FEDERAL SISTEMAS                                                                                              000000290503201800000000                                 
1040001300001P 0101298027300700000000000140000000000265371122026537          1003201800000000000750000000099N2802201821003201800000000000000000000000000000000000000000000000000000000000000000000026537                    3001700090000000000 
1040001300002Q 011000084245980168JOSELIO ANTONIO TAVARES                 AV. JOSE MARIA DE FREITAS               CENTRO         76320000SANTA ISABEL   GO0000000000000000                                                                       
1040001300003R 01000000000000000000000000000000000000000000000000210032018000000000000200                                                                                                                                                       
1040001300004P 0101298027300700000000000140000000000265381122026538          1004201800000000000750000000099N2802201821004201800000000000000000000000000000000000000000000000000000000000000000000026538                    3001700090000000000 
1040001300005Q 011000084245980168JOSELIO ANTONIO TAVARES                 AV. JOSE MARIA DE FREITAS               CENTRO         76320000SANTA ISABEL   GO0000000000000000                                                                       
1040001300006R 01000000000000000000000000000000000000000000000000210042018000000000000200                                                                                                                                                       
1040001300007P 0101298027300700000000000140000000000265391122026539          1005201800000000000750000000099N2802201821005201800000000000000000000000000000000000000000000000000000000000000000000026539                    3001700090000000000 
1040001300008Q 011000084245980168JOSELIO ANTONIO TAVARES                 AV. JOSE MARIA DE FREITAS               CENTRO         76320000SANTA ISABEL   GO0000000000000000                                                                       
1040001300009R 01000000000000000000000000000000000000000000000000210052018000000000000200                                                                                                                                                       
1040001300010P 0101298027300700000000000140000000000265401122026540          1006201800000000000750000000099N2802201821006201800000000000000000000000000000000000000000000000000000000000000000000026540                    3001700090000000000 
1040001300011Q 011000084245980168JOSELIO ANTONIO TAVARES                 AV. JOSE MARIA DE FREITAS               CENTRO         76320000SANTA ISABEL   GO0000000000000000                                                                       
1040001300012R 01000000000000000000000000000000000000000000000000210062018000000000000200                                                                                                                                                       
1040001300013P 0101298027300700000000000140000000000265411122026541          1007201800000000000750000000099N2802201821007201800000000000000000000000000000000000000000000000000000000000000000000026541                    3001700090000000000 
1040001300014Q 011000084245980168JOSELIO ANTONIO TAVARES                 AV. JOSE MARIA DE FREITAS               CENTRO         76320000SANTA ISABEL   GO0000000000000000                                                                       
1040001300015R 01000000000000000000000000000000000000000000000000210072018000000000000200                                                                                                                                                       
1040001300016P 0101298027300700000000000140000000000265421122026542          1008201800000000000750000000099N2802201821008201800000000000000000000000000000000000000000000000000000000000000000000026542                    3001700090000000000 
1040001300017Q 011000084245980168JOSELIO ANTONIO TAVARES                 AV. JOSE MARIA DE FREITAS               CENTRO         76320000SANTA ISABEL   GO0000000000000000                                                                       
1040001300018R 01000000000000000000000000000000000000000000000000210082018000000000000200                                                                                                                                                       
1040001300019P 0101298027300700000000000140000000000265431122026543          1009201800000000000750000000099N2802201821009201800000000000000000000000000000000000000000000000000000000000000000000026543                    3001700090000000000 
1040001300020Q 011000084245980168JOSELIO ANTONIO TAVARES                 AV. JOSE MARIA DE FREITAS               CENTRO         76320000SANTA ISABEL   GO0000000000000000                                                                       
1040001300021R 01000000000000000000000000000000000000000000000000210092018000000000000200                                                                                                                                                       
1040001300022P 0101298027300700000000000140000000000265441122026544          1010201800000000000750000000099N2802201821010201800000000000000000000000000000000000000000000000000000000000000000000026544                    3001700090000000000 
1040001300023Q 011000084245980168JOSELIO ANTONIO TAVARES                 AV. JOSE MARIA DE FREITAS               CENTRO         76320000SANTA ISABEL   GO0000000000000000                                                                       
1040001300024R 01000000000000000000000000000000000000000000000000210102018000000000000200                                                                                                                                                       
1040001300025P 0101298027300700000000000140000000000265451122026545          1011201800000000000750000000099N2802201821011201800000000000000000000000000000000000000000000000000000000000000000000026545                    3001700090000000000 
1040001300026Q 011000084245980168JOSELIO ANTONIO TAVARES                 AV. JOSE MARIA DE FREITAS               CENTRO         76320000SANTA ISABEL   GO0000000000000000                                                                       
1040001300027R 01000000000000000000000000000000000000000000000000210112018000000000000200                                                                                                                                                       
1040001300028P 0101298027300700000000000140000000000265461122026546          1012201800000000000750000000099N2802201821012201800000000000000000000000000000000000000000000000000000000000000000000026546                    3001700090000000000 
1040001300029Q 011000084245980168JOSELIO ANTONIO TAVARES                 AV. JOSE MARIA DE FREITAS               CENTRO         76320000SANTA ISABEL   GO0000000000000000                                                                       
1040001300030R 01000000000000000000000000000000000000000000000000210122018000000000000200                                                                                                                                                       
1040001300031P 0101298027300700000000000140000000000265471122026547          1001201900000000000750000000099N2802201821001201900000000000000000000000000000000000000000000000000000000000000000000026547                    3001700090000000000 
1040001300032Q 011000084245980168JOSELIO ANTONIO TAVARES                 AV. JOSE MARIA DE FREITAS               CENTRO         76320000SANTA ISABEL   GO0000000000000000                                                                       
1040001300033R 01000000000000000000000000000000000000000000000000210012019000000000000200                                                                                                                                                       
1040001300034P 0101298027300700000000000140000000000265481122026548          1002201900000000000750000000099N2802201821002201900000000000000000000000000000000000000000000000000000000000000000000026548                    3001700090000000000 
1040001300035Q 011000084245980168JOSELIO ANTONIO TAVARES                 AV. JOSE MARIA DE FREITAS               CENTRO         76320000SANTA ISABEL   GO0000000000000000                                                                       
1040001300036R 01000000000000000000000000000000000000000000000000210022019000000000000200                                                                                                                                                       
10400015         000038000012000000000000900000000000000000000000000000000000000000000000000                                                                                                                                                    
10499999         000001000040                                                                                                                                                                                                                   