10400000         2116559540001590000000000000000000001298027300700000000FEDERAL SISTEMAS              CAIXA ECONOMICA FEDERAL                 10504201817171200005905000000                    REMESSA-PRODUCAO                                 
10400011R0100030 20116559540001592730070000000000000001298027300700000000FEDERAL SISTEMAS                                                                                              000000590504201800000000                                 
1040001300001P 0101298027300700000000000140000000000239601122023960          0704201800000000010350000000099N0501201820704201800000000000060000000000000000000000000000000000000000000000000000000023960                    3001090090000000000 
1040001300002Q 012008542246000105TRANSPORTADORA DINIZ VIEIRA EIRELI ME   AV BERNARDO SAYAO N 2005                RIALMA II      76310000RIALMA         GO0000000000000000                                                                       
1040001300003R 01000000000000000000000000000000000000000000000000207042018000000000000200                                                                                                                                                       
1040001300004P 0101298027300700000000000140000000000239611122023961          0505201800000000010350000000099N0501201820505201800000000000060000000000000000000000000000000000000000000000000000000023961                    3001090090000000000 
1040001300005Q 012008542246000105TRANSPORTADORA DINIZ VIEIRA EIRELI ME   AV BERNARDO SAYAO N 2005                RIALMA II      76310000RIALMA         GO0000000000000000                                                                       
1040001300006R 01000000000000000000000000000000000000000000000000205052018000000000000200                                                                                                                                                       
1040001300007P 0101298027300700000000000140000000000239621122023962          0506201800000000010350000000099N0501201820506201800000000000060000000000000000000000000000000000000000000000000000000023962                    3001090090000000000 
1040001300008Q 012008542246000105TRANSPORTADORA DINIZ VIEIRA EIRELI ME   AV BERNARDO SAYAO N 2005                RIALMA II      76310000RIALMA         GO0000000000000000                                                                       
1040001300009R 01000000000000000000000000000000000000000000000000205062018000000000000200                                                                                                                                                       
1040001300010P 0101298027300700000000000140000000000239631122023963          0507201800000000010350000000099N0501201820507201800000000000060000000000000000000000000000000000000000000000000000000023963                    3001090090000000000 
1040001300011Q 012008542246000105TRANSPORTADORA DINIZ VIEIRA EIRELI ME   AV BERNARDO SAYAO N 2005                RIALMA II      76310000RIALMA         GO0000000000000000                                                                       
1040001300012R 01000000000000000000000000000000000000000000000000205072018000000000000200                                                                                                                                                       
1040001300013P 0101298027300700000000000140000000000239641122023964          0508201800000000010350000000099N0501201820508201800000000000060000000000000000000000000000000000000000000000000000000023964                    3001090090000000000 
1040001300014Q 012008542246000105TRANSPORTADORA DINIZ VIEIRA EIRELI ME   AV BERNARDO SAYAO N 2005                RIALMA II      76310000RIALMA         GO0000000000000000                                                                       
1040001300015R 01000000000000000000000000000000000000000000000000205082018000000000000200                                                                                                                                                       
1040001300016P 0101298027300700000000000140000000000239651122023965          0509201800000000010350000000099N0501201820509201800000000000060000000000000000000000000000000000000000000000000000000023965                    3001090090000000000 
1040001300017Q 012008542246000105TRANSPORTADORA DINIZ VIEIRA EIRELI ME   AV BERNARDO SAYAO N 2005                RIALMA II      76310000RIALMA         GO0000000000000000                                                                       
1040001300018R 01000000000000000000000000000000000000000000000000205092018000000000000200                                                                                                                                                       
1040001300019P 0101298027300700000000000140000000000239661122023966          0510201800000000010350000000099N0501201820510201800000000000060000000000000000000000000000000000000000000000000000000023966                    3001090090000000000 
1040001300020Q 012008542246000105TRANSPORTADORA DINIZ VIEIRA EIRELI ME   AV BERNARDO SAYAO N 2005                RIALMA II      76310000RIALMA         GO0000000000000000                                                                       
1040001300021R 01000000000000000000000000000000000000000000000000205102018000000000000200                                                                                                                                                       
1040001300022P 0101298027300700000000000140000000000239671122023967          0511201800000000010350000000099N0501201820511201800000000000060000000000000000000000000000000000000000000000000000000023967                    3001090090000000000 
1040001300023Q 012008542246000105TRANSPORTADORA DINIZ VIEIRA EIRELI ME   AV BERNARDO SAYAO N 2005                RIALMA II      76310000RIALMA         GO0000000000000000                                                                       
1040001300024R 01000000000000000000000000000000000000000000000000205112018000000000000200                                                                                                                                                       
1040001300025P 0101298027300700000000000140000000000239681122023968          0512201800000000010350000000099N0501201820512201800000000000060000000000000000000000000000000000000000000000000000000023968                    3001090090000000000 
1040001300026Q 012008542246000105TRANSPORTADORA DINIZ VIEIRA EIRELI ME   AV BERNARDO SAYAO N 2005                RIALMA II      76310000RIALMA         GO0000000000000000                                                                       
1040001300027R 01000000000000000000000000000000000000000000000000205122018000000000000200                                                                                                                                                       
10400015         000029000009000000000009315000000000000000000000000000000000000000000000000                                                                                                                                                    
10499999         000001000031                                                                                                                                                                                                                   