10400000         2116559540001590000000000000000000001298027300700000000FEDERAL SISTEMAS              CAIXA ECONOMICA FEDERAL                 11603201817054200004105000000                    REMESSA-PRODUCAO                                 
10400011R0100030 20116559540001592730070000000000000001298027300700000000FEDERAL SISTEMAS                                                                                              000000411603201800000000                                 
1040001300001P 0101298027300700000000000140000000000277231122027723          2001201800000000000590000000099N1503201822001201800000000000060000000000000000000000000000000000000000000000000000000027723                    3001090090000000000 
1040001300002Q 012013103485000190AGUA VIVA TRANSPORTES LTDA ME           RUA 18                                  CENTRO         76380000GOIANESIA      GO0000000000000000                                                                       
1040001300003R 01000000000000000000000000000000000000000000000000220012018000000000000200                                                                                                                                                       
1040001300004P 0101298027300700000000000140000000000277241122027724          2002201800000000000590000000099N1503201822002201800000000000060000000000000000000000000000000000000000000000000000000027724                    3001090090000000000 
1040001300005Q 012013103485000190AGUA VIVA TRANSPORTES LTDA ME           RUA 18                                  CENTRO         76380000GOIANESIA      GO0000000000000000                                                                       
1040001300006R 01000000000000000000000000000000000000000000000000220022018000000000000200                                                                                                                                                       
1040001300007P 0101298027300700000000000140000000000277251122027725          2003201800000000000590000000099N1503201822003201800000000000060000000000000000000000000000000000000000000000000000000027725                    3001090090000000000 
1040001300008Q 012013103485000190AGUA VIVA TRANSPORTES LTDA ME           RUA 18                                  CENTRO         76380000GOIANESIA      GO0000000000000000                                                                       
1040001300009R 01000000000000000000000000000000000000000000000000220032018000000000000200                                                                                                                                                       
1040001300010P 0101298027300700000000000140000000000277261122027726          2004201800000000000590000000099N1503201822004201800000000000060000000000000000000000000000000000000000000000000000000027726                    3001090090000000000 
1040001300011Q 012013103485000190AGUA VIVA TRANSPORTES LTDA ME           RUA 18                                  CENTRO         76380000GOIANESIA      GO0000000000000000                                                                       
1040001300012R 01000000000000000000000000000000000000000000000000220042018000000000000200                                                                                                                                                       
1040001300013P 0101298027300700000000000140000000000277271122027727          2005201800000000000590000000099N1503201822005201800000000000060000000000000000000000000000000000000000000000000000000027727                    3001090090000000000 
1040001300014Q 012013103485000190AGUA VIVA TRANSPORTES LTDA ME           RUA 18                                  CENTRO         76380000GOIANESIA      GO0000000000000000                                                                       
1040001300015R 01000000000000000000000000000000000000000000000000220052018000000000000200                                                                                                                                                       
1040001300016P 0101298027300700000000000140000000000277281122027728          2006201800000000000590000000099N1503201822006201800000000000060000000000000000000000000000000000000000000000000000000027728                    3001090090000000000 
1040001300017Q 012013103485000190AGUA VIVA TRANSPORTES LTDA ME           RUA 18                                  CENTRO         76380000GOIANESIA      GO0000000000000000                                                                       
1040001300018R 01000000000000000000000000000000000000000000000000220062018000000000000200                                                                                                                                                       
1040001300019P 0101298027300700000000000140000000000277291122027729          2007201800000000000590000000099N1503201822007201800000000000060000000000000000000000000000000000000000000000000000000027729                    3001090090000000000 
1040001300020Q 012013103485000190AGUA VIVA TRANSPORTES LTDA ME           RUA 18                                  CENTRO         76380000GOIANESIA      GO0000000000000000                                                                       
1040001300021R 01000000000000000000000000000000000000000000000000220072018000000000000200                                                                                                                                                       
1040001300022P 0101298027300700000000000140000000000277301122027730          2008201800000000000590000000099N1503201822008201800000000000060000000000000000000000000000000000000000000000000000000027730                    3001090090000000000 
1040001300023Q 012013103485000190AGUA VIVA TRANSPORTES LTDA ME           RUA 18                                  CENTRO         76380000GOIANESIA      GO0000000000000000                                                                       
1040001300024R 01000000000000000000000000000000000000000000000000220082018000000000000200                                                                                                                                                       
1040001300025P 0101298027300700000000000140000000000277311122027731          2009201800000000000590000000099N1503201822009201800000000000060000000000000000000000000000000000000000000000000000000027731                    3001090090000000000 
1040001300026Q 012013103485000190AGUA VIVA TRANSPORTES LTDA ME           RUA 18                                  CENTRO         76380000GOIANESIA      GO0000000000000000                                                                       
1040001300027R 01000000000000000000000000000000000000000000000000220092018000000000000200                                                                                                                                                       
1040001300028P 0101298027300700000000000140000000000277321122027732          2010201800000000000590000000099N1503201822010201800000000000060000000000000000000000000000000000000000000000000000000027732                    3001090090000000000 
1040001300029Q 012013103485000190AGUA VIVA TRANSPORTES LTDA ME           RUA 18                                  CENTRO         76380000GOIANESIA      GO0000000000000000                                                                       
1040001300030R 01000000000000000000000000000000000000000000000000220102018000000000000200                                                                                                                                                       
1040001300031P 0101298027300700000000000140000000000277331122027733          2011201800000000000590000000099N1503201822011201800000000000060000000000000000000000000000000000000000000000000000000027733                    3001090090000000000 
1040001300032Q 012013103485000190AGUA VIVA TRANSPORTES LTDA ME           RUA 18                                  CENTRO         76380000GOIANESIA      GO0000000000000000                                                                       
1040001300033R 01000000000000000000000000000000000000000000000000220112018000000000000200                                                                                                                                                       
1040001300034P 0101298027300700000000000140000000000277341122027734          2012201800000000000590000000099N1503201822012201800000000000060000000000000000000000000000000000000000000000000000000027734                    3001090090000000000 
1040001300035Q 012013103485000190AGUA VIVA TRANSPORTES LTDA ME           RUA 18                                  CENTRO         76380000GOIANESIA      GO0000000000000000                                                                       
1040001300036R 01000000000000000000000000000000000000000000000000220122018000000000000200                                                                                                                                                       
1040001300037P 0101298027300700000000000140000000000277351122027735          2008201800000000001180000000099N1503201822008201800000000000060000000000000000000000000000000000000000000000000000000027735                    3001090090000000000 
1040001300038Q 012016682406000131ANDRADE E LIMA TRANSPORTES LTDA         AV BRASIL N 246 A                       SANTA LUZIA    76380000GOIANESIA      GO0000000000000000                                                                       
1040001300039R 01000000000000000000000000000000000000000000000000220082018000000000000200                                                                                                                                                       
1040001300040P 0101298027300700000000000140000000000277361122027736          2009201800000000001180000000099N1503201822009201800000000000060000000000000000000000000000000000000000000000000000000027736                    3001090090000000000 
1040001300041Q 012016682406000131ANDRADE E LIMA TRANSPORTES LTDA         AV BRASIL N 246 A                       SANTA LUZIA    76380000GOIANESIA      GO0000000000000000                                                                       
1040001300042R 01000000000000000000000000000000000000000000000000220092018000000000000200                                                                                                                                                       
1040001300043P 0101298027300700000000000140000000000277371122027737          2010201800000000001180000000099N1503201822010201800000000000060000000000000000000000000000000000000000000000000000000027737                    3001090090000000000 
1040001300044Q 012016682406000131ANDRADE E LIMA TRANSPORTES LTDA         AV BRASIL N 246 A                       SANTA LUZIA    76380000GOIANESIA      GO0000000000000000                                                                       
1040001300045R 01000000000000000000000000000000000000000000000000220102018000000000000200                                                                                                                                                       
1040001300046P 0101298027300700000000000140000000000277381122027738          2011201800000000001180000000099N1503201822011201800000000000060000000000000000000000000000000000000000000000000000000027738                    3001090090000000000 
1040001300047Q 012016682406000131ANDRADE E LIMA TRANSPORTES LTDA         AV BRASIL N 246 A                       SANTA LUZIA    76380000GOIANESIA      GO0000000000000000                                                                       
1040001300048R 01000000000000000000000000000000000000000000000000220112018000000000000200                                                                                                                                                       
1040001300049P 0101298027300700000000000140000000000277391122027739          2012201800000000001180000000099N1503201822012201800000000000060000000000000000000000000000000000000000000000000000000027739                    3001090090000000000 
1040001300050Q 012016682406000131ANDRADE E LIMA TRANSPORTES LTDA         AV BRASIL N 246 A                       SANTA LUZIA    76380000GOIANESIA      GO0000000000000000                                                                       
1040001300051R 01000000000000000000000000000000000000000000000000220122018000000000000200                                                                                                                                                       
1040001300052P 0101298027300700000000000140000000000277401122027740          2001201900000000001180000000099N1503201822001201900000000000060000000000000000000000000000000000000000000000000000000027740                    3001090090000000000 
1040001300053Q 012016682406000131ANDRADE E LIMA TRANSPORTES LTDA         AV BRASIL N 246 A                       SANTA LUZIA    76380000GOIANESIA      GO0000000000000000                                                                       
1040001300054R 01000000000000000000000000000000000000000000000000220012019000000000000200                                                                                                                                                       
1040001300055P 0101298027300700000000000140000000000277411122027741          2002201900000000001180000000099N1503201822002201900000000000060000000000000000000000000000000000000000000000000000000027741                    3001090090000000000 
1040001300056Q 012016682406000131ANDRADE E LIMA TRANSPORTES LTDA         AV BRASIL N 246 A                       SANTA LUZIA    76380000GOIANESIA      GO0000000000000000                                                                       
1040001300057R 01000000000000000000000000000000000000000000000000220022019000000000000200                                                                                                                                                       
1040001300058P 0101298027300700000000000140000000000277421122027742          2003201900000000001180000000099N1503201822003201900000000000060000000000000000000000000000000000000000000000000000000027742                    3001090090000000000 
1040001300059Q 012016682406000131ANDRADE E LIMA TRANSPORTES LTDA         AV BRASIL N 246 A                       SANTA LUZIA    76380000GOIANESIA      GO0000000000000000                                                                       
1040001300060R 01000000000000000000000000000000000000000000000000220032019000000000000200                                                                                                                                                       
1040001300061P 0101298027300700000000000140000000000277431122027743          2004201900000000001180000000099N1503201822004201900000000000060000000000000000000000000000000000000000000000000000000027743                    3001090090000000000 
1040001300062Q 012016682406000131ANDRADE E LIMA TRANSPORTES LTDA         AV BRASIL N 246 A                       SANTA LUZIA    76380000GOIANESIA      GO0000000000000000                                                                       
1040001300063R 01000000000000000000000000000000000000000000000000220042019000000000000200                                                                                                                                                       
1040001300064P 0101298027300700000000000140000000000277441122027744          2005201900000000001180000000099N1503201822005201900000000000060000000000000000000000000000000000000000000000000000000027744                    3001090090000000000 
1040001300065Q 012016682406000131ANDRADE E LIMA TRANSPORTES LTDA         AV BRASIL N 246 A                       SANTA LUZIA    76380000GOIANESIA      GO0000000000000000                                                                       
1040001300066R 01000000000000000000000000000000000000000000000000220052019000000000000200                                                                                                                                                       
1040001300067P 0101298027300700000000000140000000000277451122027745          2006201900000000001180000000099N1503201822006201900000000000060000000000000000000000000000000000000000000000000000000027745                    3001090090000000000 
1040001300068Q 012016682406000131ANDRADE E LIMA TRANSPORTES LTDA         AV BRASIL N 246 A                       SANTA LUZIA    76380000GOIANESIA      GO0000000000000000                                                                       
1040001300069R 01000000000000000000000000000000000000000000000000220062019000000000000200                                                                                                                                                       
1040001300070P 0101298027300700000000000140000000000277461122027746          2007201900000000001180000000099N1503201822007201900000000000060000000000000000000000000000000000000000000000000000000027746                    3001090090000000000 
1040001300071Q 012016682406000131ANDRADE E LIMA TRANSPORTES LTDA         AV BRASIL N 246 A                       SANTA LUZIA    76380000GOIANESIA      GO0000000000000000                                                                       
1040001300072R 01000000000000000000000000000000000000000000000000220072019000000000000200                                                                                                                                                       
1040001300073P 0101298027300700000000000140000000000277471122027747          1008201900000000000390000000099N1503201821008201900000000000060000000000000000000000000000000000000000000000000000000027747                    3001090090000000000 
1040001300074Q 011000083229493168ANTONIA CASSIA COSTA                    RUA 1 NORTE                             NEGRINHO CARRIL76385043GOIANESIA     GO0000000000000000                                                                       0
1040001300075R 01000000000000000000000000000000000000000000000000210082019000000000000200                                                                                                                                                       
1040001300076P 0101298027300700000000000140000000000277481122027748          1009201900000000000390000000099N1503201821009201900000000000060000000000000000000000000000000000000000000000000000000027748                    3001090090000000000 
1040001300077Q 011000083229493168ANTONIA CASSIA COSTA                    RUA 1 NORTE                             NEGRINHO CARRIL76385043GOIANESIA     GO0000000000000000                                                                       0
1040001300078R 01000000000000000000000000000000000000000000000000210092019000000000000200                                                                                                                                                       
1040001300079P 0101298027300700000000000140000000000277491122027749          1010201900000000000390000000099N1503201821010201900000000000060000000000000000000000000000000000000000000000000000000027749                    3001090090000000000 
1040001300080Q 011000083229493168ANTONIA CASSIA COSTA                    RUA 1 NORTE                             NEGRINHO CARRIL76385043GOIANESIA     GO0000000000000000                                                                       0
1040001300081R 01000000000000000000000000000000000000000000000000210102019000000000000200                                                                                                                                                       
1040001300082P 0101298027300700000000000140000000000277501122027750          1011201900000000000390000000099N1503201821011201900000000000060000000000000000000000000000000000000000000000000000000027750                    3001090090000000000 
1040001300083Q 011000083229493168ANTONIA CASSIA COSTA                    RUA 1 NORTE                             NEGRINHO CARRIL76385043GOIANESIA     GO0000000000000000                                                                       0
1040001300084R 01000000000000000000000000000000000000000000000000210112019000000000000200                                                                                                                                                       
1040001300085P 0101298027300700000000000140000000000277511122027751          1012201900000000000390000000099N1503201821012201900000000000060000000000000000000000000000000000000000000000000000000027751                    3001090090000000000 
1040001300086Q 011000083229493168ANTONIA CASSIA COSTA                    RUA 1 NORTE                             NEGRINHO CARRIL76385043GOIANESIA     GO0000000000000000                                                                       0
1040001300087R 01000000000000000000000000000000000000000000000000210122019000000000000200                                                                                                                                                       
1040001300088P 0101298027300700000000000140000000000277521122027752          1001202000000000000390000000099N1503201821001202000000000000060000000000000000000000000000000000000000000000000000000027752                    3001090090000000000 
1040001300089Q 011000083229493168ANTONIA CASSIA COSTA                    RUA 1 NORTE                             NEGRINHO CARRIL76385043GOIANESIA     GO0000000000000000                                                                       0
1040001300090R 01000000000000000000000000000000000000000000000000210012020000000000000200                                                                                                                                                       
1040001300091P 0101298027300700000000000140000000000277531122027753          1002202000000000000390000000099N1503201821002202000000000000060000000000000000000000000000000000000000000000000000000027753                    3001090090000000000 
1040001300092Q 011000083229493168ANTONIA CASSIA COSTA                    RUA 1 NORTE                             NEGRINHO CARRIL76385043GOIANESIA     GO0000000000000000                                                                       0
1040001300093R 01000000000000000000000000000000000000000000000000210022020000000000000200                                                                                                                                                       
1040001300094P 0101298027300700000000000140000000000277541122027754          1003202000000000000390000000099N1503201821003202000000000000060000000000000000000000000000000000000000000000000000000027754                    3001090090000000000 
1040001300095Q 011000083229493168ANTONIA CASSIA COSTA                    RUA 1 NORTE                             NEGRINHO CARRIL76385043GOIANESIA     GO0000000000000000                                                                       0
1040001300096R 01000000000000000000000000000000000000000000000000210032020000000000000200                                                                                                                                                       
1040001300097P 0101298027300700000000000140000000000277551122027755          1004202000000000000390000000099N1503201821004202000000000000060000000000000000000000000000000000000000000000000000000027755                    3001090090000000000 
1040001300098Q 011000083229493168ANTONIA CASSIA COSTA                    RUA 1 NORTE                             NEGRINHO CARRIL76385043GOIANESIA     GO0000000000000000                                                                       0
1040001300099R 01000000000000000000000000000000000000000000000000210042020000000000000200                                                                                                                                                       
1040001300100P 0101298027300700000000000140000000000277561122027756          1005202000000000000390000000099N1503201821005202000000000000060000000000000000000000000000000000000000000000000000000027756                    3001090090000000000 
1040001300101Q 011000083229493168ANTONIA CASSIA COSTA                    RUA 1 NORTE                             NEGRINHO CARRIL76385043GOIANESIA     GO0000000000000000                                                                       0
1040001300102R 01000000000000000000000000000000000000000000000000210052020000000000000200                                                                                                                                                       
1040001300103P 0101298027300700000000000140000000000277571122027757          1006202000000000000390000000099N1503201821006202000000000000060000000000000000000000000000000000000000000000000000000027757                    3001090090000000000 
1040001300104Q 011000083229493168ANTONIA CASSIA COSTA                    RUA 1 NORTE                             NEGRINHO CARRIL76385043GOIANESIA     GO0000000000000000                                                                       0
1040001300105R 01000000000000000000000000000000000000000000000000210062020000000000000200                                                                                                                                                       
1040001300106P 0101298027300700000000000140000000000277581122027758          1007202000000000000390000000099N1503201821007202000000000000060000000000000000000000000000000000000000000000000000000027758                    3001090090000000000 
1040001300107Q 011000083229493168ANTONIA CASSIA COSTA                    RUA 1 NORTE                             NEGRINHO CARRIL76385043GOIANESIA     GO0000000000000000                                                                       0
1040001300108R 01000000000000000000000000000000000000000000000000210072020000000000000200                                                                                                                                                       
1040001300109P 0101298027300700000000000140000000000277591122027759          1006201800000000000399000000099N1503201821006201800000000000060000000000000000000000000000000000000000000000000000000027759                    3001090090000000000 
1040001300110Q 011000080783430353ANTONIO EVAMI CAVALCANTE SOUSA          RUA 3, QD.B, LT.7                       SORRISO        76300000CERES          GO0000000000000000                                                                       
1040001300111R 01000000000000000000000000000000000000000000000000210062018000000000000200                                                                                                                                                       
1040001300112P 0101298027300700000000000140000000000277601122027760          1007201800000000000399000000099N1503201821007201800000000000060000000000000000000000000000000000000000000000000000000027760                    3001090090000000000 
1040001300113Q 011000080783430353ANTONIO EVAMI CAVALCANTE SOUSA          RUA 3, QD.B, LT.7                       SORRISO        76300000CERES          GO0000000000000000                                                                       
1040001300114R 01000000000000000000000000000000000000000000000000210072018000000000000200                                                                                                                                                       
1040001300115P 0101298027300700000000000140000000000277611122027761          1008201800000000000399000000099N1503201821008201800000000000060000000000000000000000000000000000000000000000000000000027761                    3001090090000000000 
1040001300116Q 011000080783430353ANTONIO EVAMI CAVALCANTE SOUSA          RUA 3, QD.B, LT.7                       SORRISO        76300000CERES          GO0000000000000000                                                                       
1040001300117R 01000000000000000000000000000000000000000000000000210082018000000000000200                                                                                                                                                       
1040001300118P 0101298027300700000000000140000000000277621122027762          1009201800000000000399000000099N1503201821009201800000000000060000000000000000000000000000000000000000000000000000000027762                    3001090090000000000 
1040001300119Q 011000080783430353ANTONIO EVAMI CAVALCANTE SOUSA          RUA 3, QD.B, LT.7                       SORRISO        76300000CERES          GO0000000000000000                                                                       
1040001300120R 01000000000000000000000000000000000000000000000000210092018000000000000200                                                                                                                                                       
1040001300121P 0101298027300700000000000140000000000277631122027763          1010201800000000000399000000099N1503201821010201800000000000060000000000000000000000000000000000000000000000000000000027763                    3001090090000000000 
1040001300122Q 011000080783430353ANTONIO EVAMI CAVALCANTE SOUSA          RUA 3, QD.B, LT.7                       SORRISO        76300000CERES          GO0000000000000000                                                                       
1040001300123R 01000000000000000000000000000000000000000000000000210102018000000000000200                                                                                                                                                       
1040001300124P 0101298027300700000000000140000000000277641122027764          1011201800000000000399000000099N1503201821011201800000000000060000000000000000000000000000000000000000000000000000000027764                    3001090090000000000 
1040001300125Q 011000080783430353ANTONIO EVAMI CAVALCANTE SOUSA          RUA 3, QD.B, LT.7                       SORRISO        76300000CERES          GO0000000000000000                                                                       
1040001300126R 01000000000000000000000000000000000000000000000000210112018000000000000200                                                                                                                                                       
1040001300127P 0101298027300700000000000140000000000277651122027765          1012201800000000000399000000099N1503201821012201800000000000060000000000000000000000000000000000000000000000000000000027765                    3001090090000000000 
1040001300128Q 011000080783430353ANTONIO EVAMI CAVALCANTE SOUSA          RUA 3, QD.B, LT.7                       SORRISO        76300000CERES          GO0000000000000000                                                                       
1040001300129R 01000000000000000000000000000000000000000000000000210122018000000000000200                                                                                                                                                       
1040001300130P 0101298027300700000000000140000000000277661122027766          1001201900000000000399000000099N1503201821001201900000000000060000000000000000000000000000000000000000000000000000000027766                    3001090090000000000 
1040001300131Q 011000080783430353ANTONIO EVAMI CAVALCANTE SOUSA          RUA 3, QD.B, LT.7                       SORRISO        76300000CERES          GO0000000000000000                                                                       
1040001300132R 01000000000000000000000000000000000000000000000000210012019000000000000200                                                                                                                                                       
1040001300133P 0101298027300700000000000140000000000277671122027767          1002201900000000000399000000099N1503201821002201900000000000060000000000000000000000000000000000000000000000000000000027767                    3001090090000000000 
1040001300134Q 011000080783430353ANTONIO EVAMI CAVALCANTE SOUSA          RUA 3, QD.B, LT.7                       SORRISO        76300000CERES          GO0000000000000000                                                                       
1040001300135R 01000000000000000000000000000000000000000000000000210022019000000000000200                                                                                                                                                       
1040001300136P 0101298027300700000000000140000000000277681122027768          1003201900000000000399000000099N1503201821003201900000000000060000000000000000000000000000000000000000000000000000000027768                    3001090090000000000 
1040001300137Q 011000080783430353ANTONIO EVAMI CAVALCANTE SOUSA          RUA 3, QD.B, LT.7                       SORRISO        76300000CERES          GO0000000000000000                                                                       
1040001300138R 01000000000000000000000000000000000000000000000000210032019000000000000200                                                                                                                                                       
1040001300139P 0101298027300700000000000140000000000277691122027769          1004201900000000000399000000099N1503201821004201900000000000060000000000000000000000000000000000000000000000000000000027769                    3001090090000000000 
1040001300140Q 011000080783430353ANTONIO EVAMI CAVALCANTE SOUSA          RUA 3, QD.B, LT.7                       SORRISO        76300000CERES          GO0000000000000000                                                                       
1040001300141R 01000000000000000000000000000000000000000000000000210042019000000000000200                                                                                                                                                       
1040001300142P 0101298027300700000000000140000000000277701122027770          1005201900000000000399000000099N1503201821005201900000000000060000000000000000000000000000000000000000000000000000000027770                    3001090090000000000 
1040001300143Q 011000080783430353ANTONIO EVAMI CAVALCANTE SOUSA          RUA 3, QD.B, LT.7                       SORRISO        76300000CERES          GO0000000000000000                                                                       
1040001300144R 01000000000000000000000000000000000000000000000000210052019000000000000200                                                                                                                                                       
1040001300145P 0101298027300700000000000140000000000277711122027771          2003201800000000000590000000099N1503201822003201800000000000060000000000000000000000000000000000000000000000000000000027771                    3001090090000000000 
1040001300146Q 012017625825000102ARNALDO JUNIOR DE CARVALHO LOCAÇÕES E AL ARAGUARI                             JARDIM ENCANTAD33200000VESPASIANO     MG0000000000000000                                                                       
1040001300147R 01000000000000000000000000000000000000000000000000220032018000000000000200                                                                                                                                                       
1040001300148P 0101298027300700000000000140000000000277721122027772          2004201800000000000590000000099N1503201822004201800000000000060000000000000000000000000000000000000000000000000000000027772                    3001090090000000000 
1040001300149Q 012017625825000102ARNALDO JUNIOR DE CARVALHO LOCAÇÕES E AL ARAGUARI                             JARDIM ENCANTAD33200000VESPASIANO     MG0000000000000000                                                                       
1040001300150R 01000000000000000000000000000000000000000000000000220042018000000000000200                                                                                                                                                       
1040001300151P 0101298027300700000000000140000000000277731122027773          2005201800000000000590000000099N1503201822005201800000000000060000000000000000000000000000000000000000000000000000000027773                    3001090090000000000 
1040001300152Q 012017625825000102ARNALDO JUNIOR DE CARVALHO LOCAÇÕES E AL ARAGUARI                             JARDIM ENCANTAD33200000VESPASIANO     MG0000000000000000                                                                       
1040001300153R 01000000000000000000000000000000000000000000000000220052018000000000000200                                                                                                                                                       
1040001300154P 0101298027300700000000000140000000000277741122027774          2006201800000000000590000000099N1503201822006201800000000000060000000000000000000000000000000000000000000000000000000027774                    3001090090000000000 
1040001300155Q 012017625825000102ARNALDO JUNIOR DE CARVALHO LOCAÇÕES E AL ARAGUARI                             JARDIM ENCANTAD33200000VESPASIANO     MG0000000000000000                                                                       
1040001300156R 01000000000000000000000000000000000000000000000000220062018000000000000200                                                                                                                                                       
1040001300157P 0101298027300700000000000140000000000277751122027775          2007201800000000000590000000099N1503201822007201800000000000060000000000000000000000000000000000000000000000000000000027775                    3001090090000000000 
1040001300158Q 012017625825000102ARNALDO JUNIOR DE CARVALHO LOCAÇÕES E AL ARAGUARI                             JARDIM ENCANTAD33200000VESPASIANO     MG0000000000000000                                                                       
1040001300159R 01000000000000000000000000000000000000000000000000220072018000000000000200                                                                                                                                                       
1040001300160P 0101298027300700000000000140000000000277761122027776          2008201800000000000590000000099N1503201822008201800000000000060000000000000000000000000000000000000000000000000000000027776                    3001090090000000000 
1040001300161Q 012017625825000102ARNALDO JUNIOR DE CARVALHO LOCAÇÕES E AL ARAGUARI                             JARDIM ENCANTAD33200000VESPASIANO     MG0000000000000000                                                                       
1040001300162R 01000000000000000000000000000000000000000000000000220082018000000000000200                                                                                                                                                       
1040001300163P 0101298027300700000000000140000000000277771122027777          2009201800000000000590000000099N1503201822009201800000000000060000000000000000000000000000000000000000000000000000000027777                    3001090090000000000 
1040001300164Q 012017625825000102ARNALDO JUNIOR DE CARVALHO LOCAÇÕES E AL ARAGUARI                             JARDIM ENCANTAD33200000VESPASIANO     MG0000000000000000                                                                       
1040001300165R 01000000000000000000000000000000000000000000000000220092018000000000000200                                                                                                                                                       
1040001300166P 0101298027300700000000000140000000000277781122027778          2010201800000000000590000000099N1503201822010201800000000000060000000000000000000000000000000000000000000000000000000027778                    3001090090000000000 
1040001300167Q 012017625825000102ARNALDO JUNIOR DE CARVALHO LOCAÇÕES E AL ARAGUARI                             JARDIM ENCANTAD33200000VESPASIANO     MG0000000000000000                                                                       
1040001300168R 01000000000000000000000000000000000000000000000000220102018000000000000200                                                                                                                                                       
1040001300169P 0101298027300700000000000140000000000277791122027779          2011201800000000000590000000099N1503201822011201800000000000060000000000000000000000000000000000000000000000000000000027779                    3001090090000000000 
1040001300170Q 012017625825000102ARNALDO JUNIOR DE CARVALHO LOCAÇÕES E AL ARAGUARI                             JARDIM ENCANTAD33200000VESPASIANO     MG0000000000000000                                                                       
1040001300171R 01000000000000000000000000000000000000000000000000220112018000000000000200                                                                                                                                                       
1040001300172P 0101298027300700000000000140000000000277801122027780          2012201800000000000590000000099N1503201822012201800000000000060000000000000000000000000000000000000000000000000000000027780                    3001090090000000000 
1040001300173Q 012017625825000102ARNALDO JUNIOR DE CARVALHO LOCAÇÕES E AL ARAGUARI                             JARDIM ENCANTAD33200000VESPASIANO     MG0000000000000000                                                                       
1040001300174R 01000000000000000000000000000000000000000000000000220122018000000000000200                                                                                                                                                       
1040001300175P 0101298027300700000000000140000000000277811122027781          2001201900000000000590000000099N1503201822001201900000000000060000000000000000000000000000000000000000000000000000000027781                    3001090090000000000 
1040001300176Q 012017625825000102ARNALDO JUNIOR DE CARVALHO LOCAÇÕES E AL ARAGUARI                             JARDIM ENCANTAD33200000VESPASIANO     MG0000000000000000                                                                       
1040001300177R 01000000000000000000000000000000000000000000000000220012019000000000000200                                                                                                                                                       
1040001300178P 0101298027300700000000000140000000000277821122027782          2002201900000000000590000000099N1503201822002201900000000000060000000000000000000000000000000000000000000000000000000027782                    3001090090000000000 
1040001300179Q 012017625825000102ARNALDO JUNIOR DE CARVALHO LOCAÇÕES E AL ARAGUARI                             JARDIM ENCANTAD33200000VESPASIANO     MG0000000000000000                                                                       
1040001300180R 01000000000000000000000000000000000000000000000000220022019000000000000200                                                                                                                                                       
1040001300181P 0101298027300700000000000140000000000277831122027783          1603201800000000000820000000099N1503201821603201800000000000060000000000000000000000000000000000000000000000000000000027783                    3001090090000000000 
1040001300182Q 011000071296450163ANSELMO ANDRE NETO                     RUA ICARAI                              JARDIM DAS OLIV75144650ANAPOLIS      GO0000000000000000                                                                       00
1040001300183R 01000000000000000000000000000000000000000000000000216032018000000000000200                                                                                                                                                       
10400015         000185000061000000000003860800000000000000000000000000000000000000000000000                                                                                                                                                    
10499999         000001000187                                                                                                                                                                                                                   