10400000         2116559540001590000000000000000000001298027300700000000FEDERAL SISTEMAS              CAIXA ECONOMICA FEDERAL                 10702201818232000001505000000                    REMESSA-PRODUCAO                                 
10400011R0100030 20116559540001592730070000000000000001298027300700000000FEDERAL SISTEMAS                                                                                              000000150702201800000000                                 
1040001300001P 0101298027300700000000000140000000000260681122026068          1801201800000000006500000000099N0602201821801201800000000000000000000000000000000000000000000000000000000000000000000026068                    3001700090000000000 
1040001300002Q 012011782428000150GONCALVES E COSTA TRANSPORTE RODOVIARIO AV AROEIRA Q81 LT42                     CENTRO         76350000RUBIATABA      GO0000000000000000                                                                       
1040001300003R 01000000000000000000000000000000000000000000000000218012018000000000000200                                                                                                                                                       
1040001300004P 0101298027300700000000000140000000000260691122026069          1802201800000000006500000000099N0602201821802201800000000000000000000000000000000000000000000000000000000000000000000026069                    3001700090000000000 
1040001300005Q 012011782428000150GONCALVES E COSTA TRANSPORTE RODOVIARIO AV AROEIRA Q81 LT42                     CENTRO         76350000RUBIATABA      GO0000000000000000                                                                       
1040001300006R 01000000000000000000000000000000000000000000000000218022018000000000000200                                                                                                                                                       
1040001300007P 0101298027300700000000000140000000000260701122026070          1803201800000000006500000000099N0602201821803201800000000000000000000000000000000000000000000000000000000000000000000026070                    3001700090000000000 
1040001300008Q 012011782428000150GONCALVES E COSTA TRANSPORTE RODOVIARIO AV AROEIRA Q81 LT42                     CENTRO         76350000RUBIATABA      GO0000000000000000                                                                       
1040001300009R 01000000000000000000000000000000000000000000000000218032018000000000000200                                                                                                                                                       
1040001300010P 0101298027300700000000000140000000000260711122026071          1804201800000000006500000000099N0602201821804201800000000000000000000000000000000000000000000000000000000000000000000026071                    3001700090000000000 
1040001300011Q 012011782428000150GONCALVES E COSTA TRANSPORTE RODOVIARIO AV AROEIRA Q81 LT42                     CENTRO         76350000RUBIATABA      GO0000000000000000                                                                       
1040001300012R 01000000000000000000000000000000000000000000000000218042018000000000000200                                                                                                                                                       
1040001300013P 0101298027300700000000000140000000000260721122026072          1805201800000000006500000000099N0602201821805201800000000000000000000000000000000000000000000000000000000000000000000026072                    3001700090000000000 
1040001300014Q 012011782428000150GONCALVES E COSTA TRANSPORTE RODOVIARIO AV AROEIRA Q81 LT42                     CENTRO         76350000RUBIATABA      GO0000000000000000                                                                       
1040001300015R 01000000000000000000000000000000000000000000000000218052018000000000000200                                                                                                                                                       
1040001300016P 0101298027300700000000000140000000000260731122026073          1806201800000000006500000000099N0602201821806201800000000000000000000000000000000000000000000000000000000000000000000026073                    3001700090000000000 
1040001300017Q 012011782428000150GONCALVES E COSTA TRANSPORTE RODOVIARIO AV AROEIRA Q81 LT42                     CENTRO         76350000RUBIATABA      GO0000000000000000                                                                       
1040001300018R 01000000000000000000000000000000000000000000000000218062018000000000000200                                                                                                                                                       
1040001300019P 0101298027300700000000000140000000000260741122026074          1807201800000000006500000000099N0602201821807201800000000000000000000000000000000000000000000000000000000000000000000026074                    3001700090000000000 
1040001300020Q 012011782428000150GONCALVES E COSTA TRANSPORTE RODOVIARIO AV AROEIRA Q81 LT42                     CENTRO         76350000RUBIATABA      GO0000000000000000                                                                       
1040001300021R 01000000000000000000000000000000000000000000000000218072018000000000000200                                                                                                                                                       
1040001300022P 0101298027300700000000000140000000000260751122026075          1808201800000000006500000000099N0602201821808201800000000000000000000000000000000000000000000000000000000000000000000026075                    3001700090000000000 
1040001300023Q 012011782428000150GONCALVES E COSTA TRANSPORTE RODOVIARIO AV AROEIRA Q81 LT42                     CENTRO         76350000RUBIATABA      GO0000000000000000                                                                       
1040001300024R 01000000000000000000000000000000000000000000000000218082018000000000000200                                                                                                                                                       
1040001300025P 0101298027300700000000000140000000000260761122026076          1809201800000000006500000000099N0602201821809201800000000000000000000000000000000000000000000000000000000000000000000026076                    3001700090000000000 
1040001300026Q 012011782428000150GONCALVES E COSTA TRANSPORTE RODOVIARIO AV AROEIRA Q81 LT42                     CENTRO         76350000RUBIATABA      GO0000000000000000                                                                       
1040001300027R 01000000000000000000000000000000000000000000000000218092018000000000000200                                                                                                                                                       
1040001300028P 0101298027300700000000000140000000000260771122026077          1810201800000000006500000000099N0602201821810201800000000000000000000000000000000000000000000000000000000000000000000026077                    3001700090000000000 
1040001300029Q 012011782428000150GONCALVES E COSTA TRANSPORTE RODOVIARIO AV AROEIRA Q81 LT42                     CENTRO         76350000RUBIATABA      GO0000000000000000                                                                       
1040001300030R 01000000000000000000000000000000000000000000000000218102018000000000000200                                                                                                                                                       
1040001300031P 0101298027300700000000000140000000000260781122026078          1811201800000000006500000000099N0602201821811201800000000000000000000000000000000000000000000000000000000000000000000026078                    3001700090000000000 
1040001300032Q 012011782428000150GONCALVES E COSTA TRANSPORTE RODOVIARIO AV AROEIRA Q81 LT42                     CENTRO         76350000RUBIATABA      GO0000000000000000                                                                       
1040001300033R 01000000000000000000000000000000000000000000000000218112018000000000000200                                                                                                                                                       
1040001300034P 0101298027300700000000000140000000000260791122026079          1812201800000000006500000000099N0602201821812201800000000000000000000000000000000000000000000000000000000000000000000026079                    3001700090000000000 
1040001300035Q 012011782428000150GONCALVES E COSTA TRANSPORTE RODOVIARIO AV AROEIRA Q81 LT42                     CENTRO         76350000RUBIATABA      GO0000000000000000                                                                       
1040001300036R 01000000000000000000000000000000000000000000000000218122018000000000000200                                                                                                                                                       
1040001300037P 0101298027300700000000000140000000000260821122026082          0702201800000000001090000000099N0602201820702201800000000000000000000000000000000000000000000000000000000000000000000026082                    3001700090000000000 
1040001300038Q 012027707397000102COOPERATIVA DE ELETRIFICACAO RURAL CACHOR OSVALDIR VICENTE DE SIQUEIRA          CENTRO - PAPUCA28695000PAPUCAIA (CACHORJ0000000000000000                                                                       
1040001300039R 01000000000000000000000000000000000000000000000000207022018000000000000200                                                                                                                                                       
1040001300040P 0101298027300700000000000140000000000260831122026083          1003201800000000003625000000099N0602201821003201800000000000000000000000000000000000000000000000000000000000000000000026083                    3001700090000000000 
1040001300041Q 012002297711000103COOPERATIVA AGROPECUÁRIA DE GOIANÉSIA RODOVIA GO 080 KM 56,3                  ZONA RURAL     76380000GOIANESIA     GO0000000000000000                                                                       0
1040001300042R 01000000000000000000000000000000000000000000000000210032018000000000000200                                                                                                                                                       
1040001300043P 0101298027300700000000000140000000000260841122026084          1004201800000000003625000000099N0602201821004201800000000000000000000000000000000000000000000000000000000000000000000026084                    3001700090000000000 
1040001300044Q 012002297711000103COOPERATIVA AGROPECUÁRIA DE GOIANÉSIA RODOVIA GO 080 KM 56,3                  ZONA RURAL     76380000GOIANESIA     GO0000000000000000                                                                       0
1040001300045R 01000000000000000000000000000000000000000000000000210042018000000000000200                                                                                                                                                       
1040001300046P 0101298027300700000000000140000000000260851122026085          1005201800000000003625000000099N0602201821005201800000000000000000000000000000000000000000000000000000000000000000000026085                    3001700090000000000 
1040001300047Q 012002297711000103COOPERATIVA AGROPECUÁRIA DE GOIANÉSIA RODOVIA GO 080 KM 56,3                  ZONA RURAL     76380000GOIANESIA     GO0000000000000000                                                                       0
1040001300048R 01000000000000000000000000000000000000000000000000210052018000000000000200                                                                                                                                                       
1040001300049P 0101298027300700000000000140000000000260861122026086          1006201800000000003625000000099N0602201821006201800000000000000000000000000000000000000000000000000000000000000000000026086                    3001700090000000000 
1040001300050Q 012002297711000103COOPERATIVA AGROPECUÁRIA DE GOIANÉSIA RODOVIA GO 080 KM 56,3                  ZONA RURAL     76380000GOIANESIA     GO0000000000000000                                                                       0
1040001300051R 01000000000000000000000000000000000000000000000000210062018000000000000200                                                                                                                                                       
10400015         000053000017000000000009359000000000000000000000000000000000000000000000000                                                                                                                                                    
10499999         000001000055                                                                                                                                                                                                                   