10400000         2116559540001590000000000000000000001298027300700000000FEDERAL SISTEMAS              CAIXA ECONOMICA FEDERAL                 12305201807153500010605000000                    REMESSA-PRODUCAO                                 
10400011R0100030 20116559540001592730070000000000000001298027300700000000FEDERAL SISTEMAS                                                                                              000001062305201800000000                                 
1040001300001P 0101298027300700000000000140000000000312081122031208          1106201800000000006000000000099N1505201821106201800000000000060000000000000000000000000000000000000000000000000000000031208                    3001029090000000000 
1040001300002Q 011000090915011115WELLINGTON DE FREITAS DIAS              AV 16 JULHO QD 22 LT 10                 RIALMAII       76310000RIALMA         GO0000000000000000                                                                       
1040001300003R 01000000000000000000000000000000000000000000000000211062018000000000000200                                                                                                                                                       
1040001300004P 0101298027300700000000000140000000000312091122031209          1605201800000000001500000000099N1505201821605201800000000000060000000000000000000000000000000000000000000000000000000031209                    3001029090000000000 
1040001300005Q 011000067814034272GUSTAVO MACHADO  BORGES                 RUA C 143 QD 337 LOTE 11                JARDIM AMERICA 74250100                 0000000000000000                                                                       
1040001300006R 01000000000000000000000000000000000000000000000000216052018000000000000200                                                                                                                                                       
10400015         000008000002000000000000750000000000000000000000000000000000000000000000000                                                                                                                                                    
10499999         000001000010                                                                                                                                                                                                                   