10400000         2116559540001590000000000000000000001298027300700000000FEDERAL SISTEMAS              CAIXA ECONOMICA FEDERAL                 10406201806373200011605000000                    REMESSA-PRODUCAO                                 
10400011R0100030 20116559540001592730070000000000000001298027300700000000FEDERAL SISTEMAS                                                                                              000001160406201800000000                                 
1040001300001P 0101298027300700000000000140000000000313331122031333          2905201800000000002629200000099N2805201822905201800000000000060000000000000000000000000000000000000000000000000000000031333                    3001029090000000000 
1040001300002Q 011000064788865220ANA CRISTIANE DA ROCHA FUKUSHIMA        AV. DA REPUBLICA                        TRIANGULO      68790000SANTA ISABEL DOPA0000000000000000                                                                       
1040001300003R 01000000000000000000000000000000000000000000000000229052018000000000000200                                                                                                                                                       
1040001300004P 0101298027300700000000000140000000000313341122031334          3005201800000000000295200000099N2805201823005201800000000000060000000000000000000000000000000000000000000000000000000031334                    3001029090000000000 
1040001300005Q 011000092821510268PAULO RENAN SANTIAGO SOUZA              RUA BERNAL DO COUTO                     UMARIZAL       66055080BELEM          PA0000000000000000                                                                       
1040001300006R 01000000000000000000000000000000000000000000000000230052018000000000000200                                                                                                                                                       
1040001300007P 0101298027300700000000000140000000000313351122031335          3005201800000000000726000000099N2805201823005201800000000000060000000000000000000000000000000000000000000000000000000031335                    3001029090000000000 
1040001300008Q 011000004880793574MARCOS ANDRE SANTOS AZEVEDO             RUA JORGE MACEDO LIMA,                                 49260000UMBAUBA        SE0000000000000000                                                                       
1040001300009R 01000000000000000000000000000000000000000000000000230052018000000000000200                                                                                                                                                       
1040001300010P 0101298027300700000000000140000000000313361122031336          2506201800000000002000000000099N2805201822506201800000000000060000000000000000000000000000000000000000000000000000000031336                    3001029090000000000 
1040001300011Q 012019330616000310CTH CONSTRUTORA EIRELI - ME             RUA 13                                  NOSSA SENHORA A76387820GOIANESIA      GO0000000000000000                                                                       
1040001300012R 01000000000000000000000000000000000000000000000000225062018000000000000200                                                                                                                                                       
1040001300013P 0101298027300700000000000140000000000313381122031338          1506201800000000000590000000099N2805201821506201800000000000060000000000000000000000000000000000000000000000000000000031338                    3001029090000000000 
1040001300014Q 011000056074662134EDIVAIR MARTINS DOS SANTOS              VIELA JOAO DE CASTRO SOUZA             NEGRINHO CARRIL76385091GOIANESIA     GO0000000000000000                                                                       00
1040001300015R 01000000000000000000000000000000000000000000000000215062018000000000000200                                                                                                                                                       
1040001300016P 0101298027300700000000000140000000000313391122031339          1507201800000000000590000000099N2805201821507201800000000000060000000000000000000000000000000000000000000000000000000031339                    3001029090000000000 
1040001300017Q 011000056074662134EDIVAIR MARTINS DOS SANTOS              VIELA JOAO DE CASTRO SOUZA             NEGRINHO CARRIL76385091GOIANESIA     GO0000000000000000                                                                       00
1040001300018R 01000000000000000000000000000000000000000000000000215072018000000000000200                                                                                                                                                       
1040001300019P 0101298027300700000000000140000000000313401122031340          1508201800000000000590000000099N2805201821508201800000000000060000000000000000000000000000000000000000000000000000000031340                    3001029090000000000 
1040001300020Q 011000056074662134EDIVAIR MARTINS DOS SANTOS              VIELA JOAO DE CASTRO SOUZA             NEGRINHO CARRIL76385091GOIANESIA     GO0000000000000000                                                                       00
1040001300021R 01000000000000000000000000000000000000000000000000215082018000000000000200                                                                                                                                                       
1040001300022P 0101298027300700000000000140000000000313411122031341          1509201800000000000590000000099N2805201821509201800000000000060000000000000000000000000000000000000000000000000000000031341                    3001029090000000000 
1040001300023Q 011000056074662134EDIVAIR MARTINS DOS SANTOS              VIELA JOAO DE CASTRO SOUZA             NEGRINHO CARRIL76385091GOIANESIA     GO0000000000000000                                                                       00
1040001300024R 01000000000000000000000000000000000000000000000000215092018000000000000200                                                                                                                                                       
1040001300025P 0101298027300700000000000140000000000313421122031342          1510201800000000000590000000099N2805201821510201800000000000060000000000000000000000000000000000000000000000000000000031342                    3001029090000000000 
1040001300026Q 011000056074662134EDIVAIR MARTINS DOS SANTOS              VIELA JOAO DE CASTRO SOUZA             NEGRINHO CARRIL76385091GOIANESIA     GO0000000000000000                                                                       00
1040001300027R 01000000000000000000000000000000000000000000000000215102018000000000000200                                                                                                                                                       
1040001300028P 0101298027300700000000000140000000000313431122031343          1511201800000000000590000000099N2805201821511201800000000000060000000000000000000000000000000000000000000000000000000031343                    3001029090000000000 
1040001300029Q 011000056074662134EDIVAIR MARTINS DOS SANTOS              VIELA JOAO DE CASTRO SOUZA             NEGRINHO CARRIL76385091GOIANESIA     GO0000000000000000                                                                       00
1040001300030R 01000000000000000000000000000000000000000000000000215112018000000000000200                                                                                                                                                       
1040001300031P 0101298027300700000000000140000000000313441122031344          1512201800000000000590000000099N2805201821512201800000000000060000000000000000000000000000000000000000000000000000000031344                    3001029090000000000 
1040001300032Q 011000056074662134EDIVAIR MARTINS DOS SANTOS              VIELA JOAO DE CASTRO SOUZA             NEGRINHO CARRIL76385091GOIANESIA     GO0000000000000000                                                                       00
1040001300033R 01000000000000000000000000000000000000000000000000215122018000000000000200                                                                                                                                                       
1040001300034P 0101298027300700000000000140000000000313451122031345          1501201900000000000590000000099N2805201821501201900000000000060000000000000000000000000000000000000000000000000000000031345                    3001029090000000000 
1040001300035Q 011000056074662134EDIVAIR MARTINS DOS SANTOS              VIELA JOAO DE CASTRO SOUZA             NEGRINHO CARRIL76385091GOIANESIA     GO0000000000000000                                                                       00
1040001300036R 01000000000000000000000000000000000000000000000000215012019000000000000200                                                                                                                                                       
1040001300037P 0101298027300700000000000140000000000313461122031346          1502201900000000000590000000099N2805201821502201900000000000060000000000000000000000000000000000000000000000000000000031346                    3001029090000000000 
1040001300038Q 011000056074662134EDIVAIR MARTINS DOS SANTOS              VIELA JOAO DE CASTRO SOUZA             NEGRINHO CARRIL76385091GOIANESIA     GO0000000000000000                                                                       00
1040001300039R 01000000000000000000000000000000000000000000000000215022019000000000000200                                                                                                                                                       
1040001300040P 0101298027300700000000000140000000000313471122031347          1503201900000000000590000000099N2805201821503201900000000000060000000000000000000000000000000000000000000000000000000031347                    3001029090000000000 
1040001300041Q 011000056074662134EDIVAIR MARTINS DOS SANTOS              VIELA JOAO DE CASTRO SOUZA             NEGRINHO CARRIL76385091GOIANESIA     GO0000000000000000                                                                       00
1040001300042R 01000000000000000000000000000000000000000000000000215032019000000000000200                                                                                                                                                       
1040001300043P 0101298027300700000000000140000000000313481122031348          1504201900000000000590000000099N2805201821504201900000000000060000000000000000000000000000000000000000000000000000000031348                    3001029090000000000 
1040001300044Q 011000056074662134EDIVAIR MARTINS DOS SANTOS              VIELA JOAO DE CASTRO SOUZA             NEGRINHO CARRIL76385091GOIANESIA     GO0000000000000000                                                                       00
1040001300045R 01000000000000000000000000000000000000000000000000215042019000000000000200                                                                                                                                                       
1040001300046P 0101298027300700000000000140000000000313491122031349          1505201900000000000590000000099N2805201821505201900000000000060000000000000000000000000000000000000000000000000000000031349                    3001029090000000000 
1040001300047Q 011000056074662134EDIVAIR MARTINS DOS SANTOS              VIELA JOAO DE CASTRO SOUZA             NEGRINHO CARRIL76385091GOIANESIA     GO0000000000000000                                                                       00
1040001300048R 01000000000000000000000000000000000000000000000000215052019000000000000200                                                                                                                                                       
1040001300049P 0101298027300700000000000140000000000313501122031350          3005201800000000001188000000099N2805201823005201800000000000060000000000000000000000000000000000000000000000000000000031350                    3001029090000000000 
1040001300050Q 011000072807059520MARLON DA SILVA GARRIDO                 AVENIDA MIGUEL DA SILVA SOUZA 590, QUADRCOND. COUNTRY C48901765JUAZEIRO       BA0000000000000000                                                                       
1040001300051R 01000000000000000000000000000000000000000000000000230052018000000000000200                                                                                                                                                       
1040001300052P 0101298027300700000000000140000000000313521122031352          2804201800000000002250000000099N2805201822804201800000000000060000000000000000000000000000000000000000000000000000000031352                    3001029090000000000 
1040001300053Q 011000000843947144ZENER DE OLIVEIRA AZEVEDO               RUA 41, Nº290 VILA NOVA                VILA NOVA      76300000CERES          GO0000000000000000                                                                       
1040001300054R 01000000000000000000000000000000000000000000000000228042018000000000000200                                                                                                                                                       
1040001300055P 0101298027300700000000000140000000000313531122031353          2805201800000000002250000000099N2805201822805201800000000000060000000000000000000000000000000000000000000000000000000031353                    3001029090000000000 
1040001300056Q 011000000843947144ZENER DE OLIVEIRA AZEVEDO               RUA 41, Nº290 VILA NOVA                VILA NOVA      76300000CERES          GO0000000000000000                                                                       
1040001300057R 01000000000000000000000000000000000000000000000000228052018000000000000200                                                                                                                                                       
1040001300058P 0101298027300700000000000140000000000313541122031354          2806201800000000002250000000099N2805201822806201800000000000060000000000000000000000000000000000000000000000000000000031354                    3001029090000000000 
1040001300059Q 011000000843947144ZENER DE OLIVEIRA AZEVEDO               RUA 41, Nº290 VILA NOVA                VILA NOVA      76300000CERES          GO0000000000000000                                                                       
1040001300060R 01000000000000000000000000000000000000000000000000228062018000000000000200                                                                                                                                                       
1040001300061P 0101298027300700000000000140000000000313551122031355          2807201800000000002250000000099N2805201822807201800000000000060000000000000000000000000000000000000000000000000000000031355                    3001029090000000000 
1040001300062Q 011000000843947144ZENER DE OLIVEIRA AZEVEDO               RUA 41, Nº290 VILA NOVA                VILA NOVA      76300000CERES          GO0000000000000000                                                                       
1040001300063R 01000000000000000000000000000000000000000000000000228072018000000000000200                                                                                                                                                       
1040001300064P 0101298027300700000000000140000000000313561122031356          2808201800000000002250000000099N2805201822808201800000000000060000000000000000000000000000000000000000000000000000000031356                    3001029090000000000 
1040001300065Q 011000000843947144ZENER DE OLIVEIRA AZEVEDO               RUA 41, Nº290 VILA NOVA                VILA NOVA      76300000CERES          GO0000000000000000                                                                       
1040001300066R 01000000000000000000000000000000000000000000000000228082018000000000000200                                                                                                                                                       
1040001300067P 0101298027300700000000000140000000000313571122031357          2809201800000000002250000000099N2805201822809201800000000000060000000000000000000000000000000000000000000000000000000031357                    3001029090000000000 
1040001300068Q 011000000843947144ZENER DE OLIVEIRA AZEVEDO               RUA 41, Nº290 VILA NOVA                VILA NOVA      76300000CERES          GO0000000000000000                                                                       
1040001300069R 01000000000000000000000000000000000000000000000000228092018000000000000200                                                                                                                                                       
1040001300070P 0101298027300700000000000140000000000313581122031358          2810201800000000002250000000099N2805201822810201800000000000060000000000000000000000000000000000000000000000000000000031358                    3001029090000000000 
1040001300071Q 011000000843947144ZENER DE OLIVEIRA AZEVEDO               RUA 41, Nº290 VILA NOVA                VILA NOVA      76300000CERES          GO0000000000000000                                                                       
1040001300072R 01000000000000000000000000000000000000000000000000228102018000000000000200                                                                                                                                                       
10400015         000074000024000000000002966840000000000000000000000000000000000000000000000                                                                                                                                                    
10499999         000001000076                                                                                                                                                                                                                   