10400000         2116559540001590000000000000000000001298027300700000000FEDERAL SISTEMAS              CAIXA ECONOMICA FEDERAL                 11005201811223100009705000000                    REMESSA-PRODUCAO                                 
10400011R0100030 20116559540001592730070000000000000001298027300700000000FEDERAL SISTEMAS                                                                                              000000971005201800000000                                 
1040001300001P 0101298027300700000000000140000000000300381122030038          1405201800000000099940400000099N0705201821405201800000000000060000000000000000000000000000000000000000000000000000000030038                    3001090090000000000 
1040001300002Q 012004094192000101AGRO-RUBI AGROPECUARIA LTDA             ROD GO 434 KM 23 5                      ZONA RURAL     76350000ABADIA DE GOIASGO0000000000000000                                                                       
1040001300003R 01000000000000000000000000000000000000000000000000214052018000000000000200                                                                                                                                                       
1040001300004P 0101298027300700000000000140000000000300391122030039          1405201800000000007516600000099N0705201821405201800000000000060000000000000000000000000000000000000000000000000000000030039                    3001090090000000000 
1040001300005Q 012003937452000192CRV INDUSTRIAL                          FAZENDA BOA VISTA KM 25                 ZONA SUBURBAN  76340000ABADIA DE GOIASGO0000000000000000                                                                       
1040001300006R 01000000000000000000000000000000000000000000000000214052018000000000000200                                                                                                                                                       
1040001300007P 0101298027300700000000000140000000000300411122030041          1405201800000000038739400000099N0705201821405201800000000000060000000000000000000000000000000000000000000000000000000030041                    3001090090000000000 
1040001300008Q 012007987748000179URUACU ACUCAR E ALCOOL LTDA             ESTRADA UR - 04 KM 13                   ZONA RURAL     76400000ABADIA DE GOIASGO0000000000000000                                                                       
1040001300009R 01000000000000000000000000000000000000000000000000214052018000000000000200                                                                                                                                                       
1040001300010P 0101298027300700000000000140000000000300421122030042          1405201800000000115826200000099N0705201821405201800000000000060000000000000000000000000000000000000000000000000000000030042                    3001090090000000000 
1040001300011Q 011000001522833404PAULO FERNANDO CAVALCANTE DE MORAIS E OUFAZ BOA ESPERANCA KM5 QD 0 LT 0 N 05    ZONA RURAL     76343000               GO0000000000000000                                                                       
1040001300012R 01000000000000000000000000000000000000000000000000214052018000000000000200                                                                                                                                                       
1040001300013P 0101298027300700000000000140000000000300431122030043          1605201800000000008500000000099N0705201821605201800000000000060000000000000000000000000000000000000000000000000000000030043                    3001090090000000000 
1040001300014Q 012008220807000141TERRA BRASIL TERRAPLANAGEM E CONSTRUCAO R ADEN                                  JD CLIPPER     04827160SAO PAULO      SP0000000000000000                                                                       
1040001300015R 01000000000000000000000000000000000000000000000000216052018000000000000200                                                                                                                                                       
1040001300016P 0101298027300700000000000140000000000300441122030044          1011201700000000002000000000099N0705201821011201700000000000060000000000000000000000000000000000000000000000000000000030044                    3001090090000000000 
1040001300017Q 011000001097108430JOAQUIM REGIS MALHEIROS NETO (CRV)      RUA 60                                  JARDIM SARA RIB76300000CERES          GO0000000000000000                                                                       
1040001300018R 01000000000000000000000000000000000000000000000000210112017000000000000200                                                                                                                                                       
1040001300019P 0101298027300700000000000140000000000300451122030045          1012201700000000002000000000099N0705201821012201700000000000060000000000000000000000000000000000000000000000000000000030045                    3001090090000000000 
1040001300020Q 011000001097108430JOAQUIM REGIS MALHEIROS NETO (CRV)      RUA 60                                  JARDIM SARA RIB76300000CERES          GO0000000000000000                                                                       
1040001300021R 01000000000000000000000000000000000000000000000000210122017000000000000200                                                                                                                                                       
1040001300022P 0101298027300700000000000140000000000300461122030046          1001201800000000002000000000099N0705201821001201800000000000060000000000000000000000000000000000000000000000000000000030046                    3001090090000000000 
1040001300023Q 011000001097108430JOAQUIM REGIS MALHEIROS NETO (CRV)      RUA 60                                  JARDIM SARA RIB76300000CERES          GO0000000000000000                                                                       
1040001300024R 01000000000000000000000000000000000000000000000000210012018000000000000200                                                                                                                                                       
1040001300025P 0101298027300700000000000140000000000300471122030047          1002201800000000002000000000099N0705201821002201800000000000060000000000000000000000000000000000000000000000000000000030047                    3001090090000000000 
1040001300026Q 011000001097108430JOAQUIM REGIS MALHEIROS NETO (CRV)      RUA 60                                  JARDIM SARA RIB76300000CERES          GO0000000000000000                                                                       
1040001300027R 01000000000000000000000000000000000000000000000000210022018000000000000200                                                                                                                                                       
1040001300028P 0101298027300700000000000140000000000300481122030048          1003201800000000002000000000099N0705201821003201800000000000060000000000000000000000000000000000000000000000000000000030048                    3001090090000000000 
1040001300029Q 011000001097108430JOAQUIM REGIS MALHEIROS NETO (CRV)      RUA 60                                  JARDIM SARA RIB76300000CERES          GO0000000000000000                                                                       
1040001300030R 01000000000000000000000000000000000000000000000000210032018000000000000200                                                                                                                                                       
1040001300031P 0101298027300700000000000140000000000300491122030049          1004201800000000002000000000099N0705201821004201800000000000060000000000000000000000000000000000000000000000000000000030049                    3001090090000000000 
1040001300032Q 011000001097108430JOAQUIM REGIS MALHEIROS NETO (CRV)      RUA 60                                  JARDIM SARA RIB76300000CERES          GO0000000000000000                                                                       
1040001300033R 01000000000000000000000000000000000000000000000000210042018000000000000200                                                                                                                                                       
1040001300034P 0101298027300700000000000140000000000300501122030050          1005201800000000002000000000099N0705201821005201800000000000060000000000000000000000000000000000000000000000000000000030050                    3001090090000000000 
1040001300035Q 011000001097108430JOAQUIM REGIS MALHEIROS NETO (CRV)      RUA 60                                  JARDIM SARA RIB76300000CERES          GO0000000000000000                                                                       
1040001300036R 01000000000000000000000000000000000000000000000000210052018000000000000200                                                                                                                                                       
1040001300037P 0101298027300700000000000140000000000300511122030051          1006201800000000002000000000099N0705201821006201800000000000060000000000000000000000000000000000000000000000000000000030051                    3001090090000000000 
1040001300038Q 011000001097108430JOAQUIM REGIS MALHEIROS NETO (CRV)      RUA 60                                  JARDIM SARA RIB76300000CERES          GO0000000000000000                                                                       
1040001300039R 01000000000000000000000000000000000000000000000000210062018000000000000200                                                                                                                                                       
1040001300040P 0101298027300700000000000140000000000300521122030052          1007201800000000002000000000099N0705201821007201800000000000060000000000000000000000000000000000000000000000000000000030052                    3001090090000000000 
1040001300041Q 011000001097108430JOAQUIM REGIS MALHEIROS NETO (CRV)      RUA 60                                  JARDIM SARA RIB76300000CERES          GO0000000000000000                                                                       
1040001300042R 01000000000000000000000000000000000000000000000000210072018000000000000200                                                                                                                                                       
1040001300043P 0101298027300700000000000140000000000300531122030053          1008201800000000002000000000099N0705201821008201800000000000060000000000000000000000000000000000000000000000000000000030053                    3001090090000000000 
1040001300044Q 011000001097108430JOAQUIM REGIS MALHEIROS NETO (CRV)      RUA 60                                  JARDIM SARA RIB76300000CERES          GO0000000000000000                                                                       
1040001300045R 01000000000000000000000000000000000000000000000000210082018000000000000200                                                                                                                                                       
1040001300046P 0101298027300700000000000140000000000300541122030054          1009201800000000002000000000099N0705201821009201800000000000060000000000000000000000000000000000000000000000000000000030054                    3001090090000000000 
1040001300047Q 011000001097108430JOAQUIM REGIS MALHEIROS NETO (CRV)      RUA 60                                  JARDIM SARA RIB76300000CERES          GO0000000000000000                                                                       
1040001300048R 01000000000000000000000000000000000000000000000000210092018000000000000200                                                                                                                                                       
1040001300049P 0101298027300700000000000140000000000300551122030055          1010201800000000002000000000099N0705201821010201800000000000060000000000000000000000000000000000000000000000000000000030055                    3001090090000000000 
1040001300050Q 011000001097108430JOAQUIM REGIS MALHEIROS NETO (CRV)      RUA 60                                  JARDIM SARA RIB76300000CERES          GO0000000000000000                                                                       
1040001300051R 01000000000000000000000000000000000000000000000000210102018000000000000200                                                                                                                                                       
1040001300052P 0101298027300700000000000140000000000300571122030057          1505201800000000020000000000099N0705201821505201800000000000060000000000000000000000000000000000000000000000000000000030057                    3001090090000000000 
1040001300053Q 012002799096000125SERPOS SERVICOS POSTUMOS LTDA           TV JOAO BUTA                            CENTRO         75043090ANAPOLIS      GO0000000000000000                                                                       0
1040001300054R 01000000000000000000000000000000000000000000000000215052018000000000000200                                                                                                                                                       
1040001300055P 0101298027300700000000000140000000000300581122030058          1506201800000000007011000000099N0705201821506201800000000000060000000000000000000000000000000000000000000000000000000030058                    3001090090000000000 
1040001300056Q 012002799096000125SERPOS SERVICOS POSTUMOS LTDA           TV JOAO BUTA                            CENTRO         75043090ANAPOLIS      GO0000000000000000                                                                       0
1040001300057R 01000000000000000000000000000000000000000000000000215062018000000000000200                                                                                                                                                       
1040001300058P 0101298027300700000000000140000000000300591122030059          1507201800000000007011000000099N0705201821507201800000000000060000000000000000000000000000000000000000000000000000000030059                    3001090090000000000 
1040001300059Q 012002799096000125SERPOS SERVICOS POSTUMOS LTDA           TV JOAO BUTA                            CENTRO         75043090ANAPOLIS      GO0000000000000000                                                                       0
1040001300060R 01000000000000000000000000000000000000000000000000215072018000000000000200                                                                                                                                                       
1040001300061P 0101298027300700000000000140000000000300601122030060          1508201800000000007011000000099N0705201821508201800000000000060000000000000000000000000000000000000000000000000000000030060                    3001090090000000000 
1040001300062Q 012002799096000125SERPOS SERVICOS POSTUMOS LTDA           TV JOAO BUTA                            CENTRO         75043090ANAPOLIS      GO0000000000000000                                                                       0
1040001300063R 01000000000000000000000000000000000000000000000000215082018000000000000200                                                                                                                                                       
1040001300064P 0101298027300700000000000140000000000300611122030061          1509201800000000007011000000099N0705201821509201800000000000060000000000000000000000000000000000000000000000000000000030061                    3001090090000000000 
1040001300065Q 012002799096000125SERPOS SERVICOS POSTUMOS LTDA           TV JOAO BUTA                            CENTRO         75043090ANAPOLIS      GO0000000000000000                                                                       0
1040001300066R 01000000000000000000000000000000000000000000000000215092018000000000000200                                                                                                                                                       
1040001300067P 0101298027300700000000000140000000000300621122030062          1510201800000000007011000000099N0705201821510201800000000000060000000000000000000000000000000000000000000000000000000030062                    3001090090000000000 
1040001300068Q 012002799096000125SERPOS SERVICOS POSTUMOS LTDA           TV JOAO BUTA                            CENTRO         75043090ANAPOLIS      GO0000000000000000                                                                       0
1040001300069R 01000000000000000000000000000000000000000000000000215102018000000000000200                                                                                                                                                       
1040001300070P 0101298027300700000000000140000000000300631122030063          1511201800000000007011000000099N0705201821511201800000000000060000000000000000000000000000000000000000000000000000000030063                    3001090090000000000 
1040001300071Q 012002799096000125SERPOS SERVICOS POSTUMOS LTDA           TV JOAO BUTA                            CENTRO         75043090ANAPOLIS      GO0000000000000000                                                                       0
1040001300072R 01000000000000000000000000000000000000000000000000215112018000000000000200                                                                                                                                                       
1040001300073P 0101298027300700000000000140000000000300641122030064          1512201800000000007011000000099N0705201821512201800000000000060000000000000000000000000000000000000000000000000000000030064                    3001090090000000000 
1040001300074Q 012002799096000125SERPOS SERVICOS POSTUMOS LTDA           TV JOAO BUTA                            CENTRO         75043090ANAPOLIS      GO0000000000000000                                                                       0
1040001300075R 01000000000000000000000000000000000000000000000000215122018000000000000200                                                                                                                                                       
1040001300076P 0101298027300700000000000140000000000300651122030065          1501201900000000007011000000099N0705201821501201900000000000060000000000000000000000000000000000000000000000000000000030065                    3001090090000000000 
1040001300077Q 012002799096000125SERPOS SERVICOS POSTUMOS LTDA           TV JOAO BUTA                            CENTRO         75043090ANAPOLIS      GO0000000000000000                                                                       0
1040001300078R 01000000000000000000000000000000000000000000000000215012019000000000000200                                                                                                                                                       
1040001300079P 0101298027300700000000000140000000000300661122030066          1502201900000000007011000000099N0705201821502201900000000000060000000000000000000000000000000000000000000000000000000030066                    3001090090000000000 
1040001300080Q 012002799096000125SERPOS SERVICOS POSTUMOS LTDA           TV JOAO BUTA                            CENTRO         75043090ANAPOLIS      GO0000000000000000                                                                       0
1040001300081R 01000000000000000000000000000000000000000000000000215022019000000000000200                                                                                                                                                       
1040001300082P 0101298027300700000000000140000000000300671122030067          1503201900000000007011000000099N0705201821503201900000000000060000000000000000000000000000000000000000000000000000000030067                    3001090090000000000 
1040001300083Q 012002799096000125SERPOS SERVICOS POSTUMOS LTDA           TV JOAO BUTA                            CENTRO         75043090ANAPOLIS      GO0000000000000000                                                                       0
1040001300084R 01000000000000000000000000000000000000000000000000215032019000000000000200                                                                                                                                                       
1040001300085P 0101298027300700000000000140000000000300681122030068          1504201900000000007011000000099N0705201821504201900000000000060000000000000000000000000000000000000000000000000000000030068                    3001090090000000000 
1040001300086Q 012002799096000125SERPOS SERVICOS POSTUMOS LTDA           TV JOAO BUTA                            CENTRO         75043090ANAPOLIS      GO0000000000000000                                                                       0
1040001300087R 01000000000000000000000000000000000000000000000000215042019000000000000200                                                                                                                                                       
1040001300088P 0101298027300700000000000140000000000300691122030069          1505201900000000007011000000099N0705201821505201900000000000060000000000000000000000000000000000000000000000000000000030069                    3001090090000000000 
1040001300089Q 012002799096000125SERPOS SERVICOS POSTUMOS LTDA           TV JOAO BUTA                            CENTRO         75043090ANAPOLIS      GO0000000000000000                                                                       0
1040001300090R 01000000000000000000000000000000000000000000000000215052019000000000000200                                                                                                                                                       
10400015         000092000030000000000039865460000000000000000000000000000000000000000000000                                                                                                                                                    
10499999         000001000094                                                                                                                                                                                                                   