10400000         2116559540001590000000000000000000001298027300700000000FEDERAL SISTEMAS              CAIXA ECONOMICA FEDERAL                 12202201818292900002505000000                    REMESSA-PRODUCAO                                 
10400011R0100030 20116559540001592730070000000000000001298027300700000000FEDERAL SISTEMAS                                                                                              000000252202201800000000                                 
1040001300001P 0101298027300700000000000140000000000262941122026294          2004201800000000001770000000099N2002201822004201800000000000000000000000000000000000000000000000000000000000000000000026294                    3001700090000000000 
1040001300002Q 012018792011000117MARTINS E BARROS TRANSPORTES LTDA ME    RUA 18 N 67                             CENTRO         76380000GOIANESIA     GO0000000000000000                                                                       0
1040001300003R 01000000000000000000000000000000000000000000000000220042018000000000000200                                                                                                                                                       
1040001300004P 0101298027300700000000000140000000000262951122026295          2005201800000000001770000000099N2002201822005201800000000000000000000000000000000000000000000000000000000000000000000026295                    3001700090000000000 
1040001300005Q 012018792011000117MARTINS E BARROS TRANSPORTES LTDA ME    RUA 18 N 67                             CENTRO         76380000GOIANESIA     GO0000000000000000                                                                       0
1040001300006R 01000000000000000000000000000000000000000000000000220052018000000000000200                                                                                                                                                       
1040001300007P 0101298027300700000000000140000000000262961122026296          2006201800000000001770000000099N2002201822006201800000000000000000000000000000000000000000000000000000000000000000000026296                    3001700090000000000 
1040001300008Q 012018792011000117MARTINS E BARROS TRANSPORTES LTDA ME    RUA 18 N 67                             CENTRO         76380000GOIANESIA     GO0000000000000000                                                                       0
1040001300009R 01000000000000000000000000000000000000000000000000220062018000000000000200                                                                                                                                                       
1040001300010P 0101298027300700000000000140000000000262971122026297          2007201800000000001770000000099N2002201822007201800000000000000000000000000000000000000000000000000000000000000000000026297                    3001700090000000000 
1040001300011Q 012018792011000117MARTINS E BARROS TRANSPORTES LTDA ME    RUA 18 N 67                             CENTRO         76380000GOIANESIA     GO0000000000000000                                                                       0
1040001300012R 01000000000000000000000000000000000000000000000000220072018000000000000200                                                                                                                                                       
1040001300013P 0101298027300700000000000140000000000262981122026298          2008201800000000001770000000099N2002201822008201800000000000000000000000000000000000000000000000000000000000000000000026298                    3001700090000000000 
1040001300014Q 012018792011000117MARTINS E BARROS TRANSPORTES LTDA ME    RUA 18 N 67                             CENTRO         76380000GOIANESIA     GO0000000000000000                                                                       0
1040001300015R 01000000000000000000000000000000000000000000000000220082018000000000000200                                                                                                                                                       
1040001300016P 0101298027300700000000000140000000000262991122026299          2009201800000000001770000000099N2002201822009201800000000000000000000000000000000000000000000000000000000000000000000026299                    3001700090000000000 
1040001300017Q 012018792011000117MARTINS E BARROS TRANSPORTES LTDA ME    RUA 18 N 67                             CENTRO         76380000GOIANESIA     GO0000000000000000                                                                       0
1040001300018R 01000000000000000000000000000000000000000000000000220092018000000000000200                                                                                                                                                       
1040001300019P 0101298027300700000000000140000000000263001122026300          2010201800000000001770000000099N2002201822010201800000000000000000000000000000000000000000000000000000000000000000000026300                    3001700090000000000 
1040001300020Q 012018792011000117MARTINS E BARROS TRANSPORTES LTDA ME    RUA 18 N 67                             CENTRO         76380000GOIANESIA     GO0000000000000000                                                                       0
1040001300021R 01000000000000000000000000000000000000000000000000220102018000000000000200                                                                                                                                                       
1040001300022P 0101298027300700000000000140000000000263011122026301          2011201800000000001770000000099N2002201822011201800000000000000000000000000000000000000000000000000000000000000000000026301                    3001700090000000000 
1040001300023Q 012018792011000117MARTINS E BARROS TRANSPORTES LTDA ME    RUA 18 N 67                             CENTRO         76380000GOIANESIA     GO0000000000000000                                                                       0
1040001300024R 01000000000000000000000000000000000000000000000000220112018000000000000200                                                                                                                                                       
1040001300025P 0101298027300700000000000140000000000263021122026302          2012201800000000001770000000099N2002201822012201800000000000000000000000000000000000000000000000000000000000000000000026302                    3001700090000000000 
1040001300026Q 012018792011000117MARTINS E BARROS TRANSPORTES LTDA ME    RUA 18 N 67                             CENTRO         76380000GOIANESIA     GO0000000000000000                                                                       0
1040001300027R 01000000000000000000000000000000000000000000000000220122018000000000000200                                                                                                                                                       
1040001300028P 0101298027300700000000000140000000000263031122026303          2003201800000000000590000000099N2002201822003201800000000000000000000000000000000000000000000000000000000000000000000026303                    3001700090000000000 
1040001300029Q 011000001769157107RAFAEL LUIZ OTTONI PEIXOTO              RUA 27 QR 76 LT 24 N 243                CARRILHO       76380000GOIANESIA     GO0000000000000000                                                                       0
1040001300030R 01000000000000000000000000000000000000000000000000220032018000000000000200                                                                                                                                                       
1040001300031P 0101298027300700000000000140000000000263041122026304          2004201800000000000590000000099N2002201822004201800000000000000000000000000000000000000000000000000000000000000000000026304                    3001700090000000000 
1040001300032Q 011000001769157107RAFAEL LUIZ OTTONI PEIXOTO              RUA 27 QR 76 LT 24 N 243                CARRILHO       76380000GOIANESIA     GO0000000000000000                                                                       0
1040001300033R 01000000000000000000000000000000000000000000000000220042018000000000000200                                                                                                                                                       
1040001300034P 0101298027300700000000000140000000000263051122026305          2005201800000000000590000000099N2002201822005201800000000000000000000000000000000000000000000000000000000000000000000026305                    3001700090000000000 
1040001300035Q 011000001769157107RAFAEL LUIZ OTTONI PEIXOTO              RUA 27 QR 76 LT 24 N 243                CARRILHO       76380000GOIANESIA     GO0000000000000000                                                                       0
1040001300036R 01000000000000000000000000000000000000000000000000220052018000000000000200                                                                                                                                                       
1040001300037P 0101298027300700000000000140000000000263061122026306          2006201800000000000590000000099N2002201822006201800000000000000000000000000000000000000000000000000000000000000000000026306                    3001700090000000000 
1040001300038Q 011000001769157107RAFAEL LUIZ OTTONI PEIXOTO              RUA 27 QR 76 LT 24 N 243                CARRILHO       76380000GOIANESIA     GO0000000000000000                                                                       0
1040001300039R 01000000000000000000000000000000000000000000000000220062018000000000000200                                                                                                                                                       
1040001300040P 0101298027300700000000000140000000000263071122026307          2007201800000000000590000000099N2002201822007201800000000000000000000000000000000000000000000000000000000000000000000026307                    3001700090000000000 
1040001300041Q 011000001769157107RAFAEL LUIZ OTTONI PEIXOTO              RUA 27 QR 76 LT 24 N 243                CARRILHO       76380000GOIANESIA     GO0000000000000000                                                                       0
1040001300042R 01000000000000000000000000000000000000000000000000220072018000000000000200                                                                                                                                                       
1040001300043P 0101298027300700000000000140000000000263081122026308          2008201800000000000590000000099N2002201822008201800000000000000000000000000000000000000000000000000000000000000000000026308                    3001700090000000000 
1040001300044Q 011000001769157107RAFAEL LUIZ OTTONI PEIXOTO              RUA 27 QR 76 LT 24 N 243                CARRILHO       76380000GOIANESIA     GO0000000000000000                                                                       0
1040001300045R 01000000000000000000000000000000000000000000000000220082018000000000000200                                                                                                                                                       
1040001300046P 0101298027300700000000000140000000000263091122026309          2009201800000000000590000000099N2002201822009201800000000000000000000000000000000000000000000000000000000000000000000026309                    3001700090000000000 
1040001300047Q 011000001769157107RAFAEL LUIZ OTTONI PEIXOTO              RUA 27 QR 76 LT 24 N 243                CARRILHO       76380000GOIANESIA     GO0000000000000000                                                                       0
1040001300048R 01000000000000000000000000000000000000000000000000220092018000000000000200                                                                                                                                                       
1040001300049P 0101298027300700000000000140000000000263101122026310          2010201800000000000590000000099N2002201822010201800000000000000000000000000000000000000000000000000000000000000000000026310                    3001700090000000000 
1040001300050Q 011000001769157107RAFAEL LUIZ OTTONI PEIXOTO              RUA 27 QR 76 LT 24 N 243                CARRILHO       76380000GOIANESIA     GO0000000000000000                                                                       0
1040001300051R 01000000000000000000000000000000000000000000000000220102018000000000000200                                                                                                                                                       
1040001300052P 0101298027300700000000000140000000000263111122026311          2011201800000000000590000000099N2002201822011201800000000000000000000000000000000000000000000000000000000000000000000026311                    3001700090000000000 
1040001300053Q 011000001769157107RAFAEL LUIZ OTTONI PEIXOTO              RUA 27 QR 76 LT 24 N 243                CARRILHO       76380000GOIANESIA     GO0000000000000000                                                                       0
1040001300054R 01000000000000000000000000000000000000000000000000220112018000000000000200                                                                                                                                                       
1040001300055P 0101298027300700000000000140000000000263121122026312          2012201800000000000590000000099N2002201822012201800000000000000000000000000000000000000000000000000000000000000000000026312                    3001700090000000000 
1040001300056Q 011000001769157107RAFAEL LUIZ OTTONI PEIXOTO              RUA 27 QR 76 LT 24 N 243                CARRILHO       76380000GOIANESIA     GO0000000000000000                                                                       0
1040001300057R 01000000000000000000000000000000000000000000000000220122018000000000000200                                                                                                                                                       
1040001300058P 0101298027300700000000000140000000000263131122026313          2001201900000000000590000000099N2002201822001201900000000000000000000000000000000000000000000000000000000000000000000026313                    3001700090000000000 
1040001300059Q 011000001769157107RAFAEL LUIZ OTTONI PEIXOTO              RUA 27 QR 76 LT 24 N 243                CARRILHO       76380000GOIANESIA     GO0000000000000000                                                                       0
1040001300060R 01000000000000000000000000000000000000000000000000220012019000000000000200                                                                                                                                                       
1040001300061P 0101298027300700000000000140000000000263141122026314          2002201900000000000590000000099N2002201822002201900000000000000000000000000000000000000000000000000000000000000000000026314                    3001700090000000000 
1040001300062Q 011000001769157107RAFAEL LUIZ OTTONI PEIXOTO              RUA 27 QR 76 LT 24 N 243                CARRILHO       76380000GOIANESIA     GO0000000000000000                                                                       0
1040001300063R 01000000000000000000000000000000000000000000000000220022019000000000000200                                                                                                                                                       
1040001300064P 0101298027300700000000000140000000000263151122026315          2003201900000000000590000000099N2002201822003201900000000000000000000000000000000000000000000000000000000000000000000026315                    3001700090000000000 
1040001300065Q 011000001769157107RAFAEL LUIZ OTTONI PEIXOTO              RUA 27 QR 76 LT 24 N 243                CARRILHO       76380000GOIANESIA     GO0000000000000000                                                                       0
1040001300066R 01000000000000000000000000000000000000000000000000220032019000000000000200                                                                                                                                                       
10400015         000068000022000000000002360000000000000000000000000000000000000000000000000                                                                                                                                                    
10499999         000001000070                                                                                                                                                                                                                   