10400000         2116559540001590000000000000000000001298027300700000000FEDERAL SISTEMAS              CAIXA ECONOMICA FEDERAL                 10802201813570700001605000000                    REMESSA-PRODUCAO                                 
10400011R0100030 20116559540001592730070000000000000001298027300700000000FEDERAL SISTEMAS                                                                                              000000160802201800000000                                 
1040001300001P 01012980273007000000000001400000000000063411220634            1504201500000000047950000000099N09072017215042015000000000000000000000000000000000000000000000000000000000000000000000634                      3001700090000000000 
1040001300002Q 012001378322000131LACEL LATICINIO CERES LTDA              AV BRASILIA  N 1502                     CENTRO         76315000ABADIA DE GOIáGO0000000000000000                                                                       
1040001300003R 01000000000000000000000000000000000000000000000000215042015000000000000200                                                                                                                                                       
1040001300004P 01012980273007000000000001400000000000064611220646            2004201500000000020000000000099N09072017220042015000000000000000000000000000000000000000000000000000000000000000000000646                      3001700090000000000 
1040001300005Q 012001378322000131LACEL LATICINIO CERES LTDA              AV BRASILIA  N 1502                     CENTRO         76315000ABADIA DE GOIáGO0000000000000000                                                                       
1040001300006R 01000000000000000000000000000000000000000000000000220042015000000000000200                                                                                                                                                       
1040001300007P 01012980273007000000000001400000000000075511220755            1509201500000000038565800000099N09072017215092015000000000000000000000000000000000000000000000000000000000000000000000755                      3001700090000000000 
1040001300008Q 012002460988000105USINA GOIANESIA SA                      RODOVIA GO 438 KM 12                    ZONA RURAL     76380000GOIANESIA     GO0000000000000000                                                                       0
1040001300009R 01000000000000000000000000000000000000000000000000215092015000000000000200                                                                                                                                                       
1040001300010P 01012980273007000000000001400000000000075611220756            1508201500000000038565800000099N09072017215082015000000000000000000000000000000000000000000000000000000000000000000000756                      3001700090000000000 
1040001300011Q 012002460988000105USINA GOIANESIA SA                      RODOVIA GO 438 KM 12                    ZONA RURAL     76380000GOIANESIA     GO0000000000000000                                                                       0
1040001300012R 01000000000000000000000000000000000000000000000000215082015000000000000200                                                                                                                                                       
1040001300013P 01012980273007000000000001400000000000079511220795            1507201500000000038565800000099N09072017215072015000000000000000000000000000000000000000000000000000000000000000000000795                      3001700090000000000 
1040001300014Q 012002460988000105USINA GOIANESIA SA                      RODOVIA GO 438 KM 12                    ZONA RURAL     76380000GOIANESIA     GO0000000000000000                                                                       0
1040001300015R 01000000000000000000000000000000000000000000000000215072015000000000000200                                                                                                                                                       
1040001300016P 010129802730070000000000014000000000001316112201316           2804201500000000050325300000099N090720172280420150000000000000000000000000000000000000000000000000000000000000000000001316                     3001700090000000000 
1040001300017Q 012001378322000131LACEL LATICINIO CERES LTDA              AV BRASILIA  N 1502                     CENTRO         76315000ABADIA DE GOIáGO0000000000000000                                                                       
1040001300018R 01000000000000000000000000000000000000000000000000228042015000000000000200                                                                                                                                                       
1040001300019P 010129802730070000000000014000000000001331112201331           2804201500000000050815800000099N090720172280420150000000000000000000000000000000000000000000000000000000000000000000001331                     3001700090000000000 
1040001300020Q 012001378322000131LACEL LATICINIO CERES LTDA              AV BRASILIA  N 1502                     CENTRO         76315000ABADIA DE GOIáGO0000000000000000                                                                       
1040001300021R 01000000000000000000000000000000000000000000000000228042015000000000000200                                                                                                                                                       
1040001300022P 010129802730070000000000014000000000001942112201942           2905201500000000020010000000099N090720172290520150000000000000000000000000000000000000000000000000000000000000000000001942                     3001700090000000000 
1040001300023Q 012005886386000102LANNO INDUSTRIA E COM DE LATICINIOS LTDAAV JOAO LEITE QD 1 LT 18                SANTA GENOVEVA 74672020GOIANIA       GO0000000000000000                                                                       0
1040001300024R 01000000000000000000000000000000000000000000000000229052015000000000000200                                                                                                                                                       
1040001300025P 010129802730070000000000014000000000001991112201991           1509201500000000042960000000099N090720172150920150000000000000000000000000000000000000000000000000000000000000000000001991                     3001700090000000000 
1040001300026Q 012001378322000646LACEL LATICINIOS LTDA                   AV JOAO LEITE QD 01 LT 18 N 3209        SANTA GENOVEVA 76315000GOIANIA       GO0000000000000000                                                                       0
1040001300027R 01000000000000000000000000000000000000000000000000215092015000000000000200                                                                                                                                                       
1040001300028P 010129802730070000000000014000000000002424112202424           2005201500000000058890000000099N090720172200520150000000000000000000000000000000000000000000000000000000000000000000002424                     3001700090000000000 
1040001300029Q 012001378322000131LACEL LATICINIO CERES LTDA              AV BRASILIA  N 1502                     CENTRO         76315000ABADIA DE GOIáGO0000000000000000                                                                       
1040001300030R 01000000000000000000000000000000000000000000000000220052015000000000000200                                                                                                                                                       
1040001300031P 010129802730070000000000014000000000002471112202471           2005201500000000020000000000099N090720172200520150000000000000000000000000000000000000000000000000000000000000000000002471                     3001700090000000000 
1040001300032Q 012001378322000131LACEL LATICINIO CERES LTDA              AV BRASILIA  N 1502                     CENTRO         76315000ABADIA DE GOIáGO0000000000000000                                                                       
1040001300033R 01000000000000000000000000000000000000000000000000220052015000000000000200                                                                                                                                                       
1040001300034P 010129802730070000000000014000000000005826112205826           2604201600000000023675000000099N090720172260420160000000000000000000000000000000000000000000000000000000000000000000005826                     3001700090000000000 
1040001300035Q 012012088762000170MINERACAO EURO BRASIL IMP & EXPOT - LTDARUA 19 QD 19                            VILA NOVA      76510000CRIXAS        GO0000000000000000                                                                       0
1040001300036R 01000000000000000000000000000000000000000000000000226042016000000000000200                                                                                                                                                       
1040001300037P 010129802730070000000000014000000000005827112205827           2605201600000000023675000000099N090720172260520160000000000000000000000000000000000000000000000000000000000000000000005827                     3001700090000000000 
1040001300038Q 012012088762000170MINERACAO EURO BRASIL IMP & EXPOT - LTDARUA 19 QD 19                            VILA NOVA      76510000CRIXAS        GO0000000000000000                                                                       0
1040001300039R 01000000000000000000000000000000000000000000000000226052016000000000000200                                                                                                                                                       
1040001300040P 010129802730070000000000014000000000005828112205828           2606201600000000023675000000099N090720172260620160000000000000000000000000000000000000000000000000000000000000000000005828                     3001700090000000000 
1040001300041Q 012012088762000170MINERACAO EURO BRASIL IMP & EXPOT - LTDARUA 19 QD 19                            VILA NOVA      76510000CRIXAS        GO0000000000000000                                                                       0
1040001300042R 01000000000000000000000000000000000000000000000000226062016000000000000200                                                                                                                                                       
1040001300043P 010129802730070000000000014000000000005829112205829           2607201600000000023675000000099N090720172260720160000000000000000000000000000000000000000000000000000000000000000000005829                     3001700090000000000 
1040001300044Q 012012088762000170MINERACAO EURO BRASIL IMP & EXPOT - LTDARUA 19 QD 19                            VILA NOVA      76510000CRIXAS        GO0000000000000000                                                                       0
1040001300045R 01000000000000000000000000000000000000000000000000226072016000000000000200                                                                                                                                                       
1040001300046P 010129802730070000000000014000000000005830112205830           2608201600000000023675000000099N090720172260820160000000000000000000000000000000000000000000000000000000000000000000005830                     3001700090000000000 
1040001300047Q 012012088762000170MINERACAO EURO BRASIL IMP & EXPOT - LTDARUA 19 QD 19                            VILA NOVA      76510000CRIXAS        GO0000000000000000                                                                       0
1040001300048R 01000000000000000000000000000000000000000000000000226082016000000000000200                                                                                                                                                       
1040001300049P 010129802730070000000000014000000000005846112205846           2609201600000000023675400000099N090720172260920160000000000000000000000000000000000000000000000000000000000000000000005846                     3001700090000000000 
1040001300050Q 012012088762000170MINERACAO EURO BRASIL IMP & EXPOT - LTDARUA 19 QD 19                            VILA NOVA      76510000CRIXAS        GO0000000000000000                                                                       0
1040001300051R 01000000000000000000000000000000000000000000000000226092016000000000000200                                                                                                                                                       
1040001300052P 0101298027300700000000000140000000000132951122013295          1002201700000000040436000000099N0907201721002201700000000000000000000000000000000000000000000000000000000000000000000013295                    3001700090000000000 
1040001300053Q 012014984527000102FREDSON PORFIRIO DE JESUS SANTOS        RUA JOSE VERISSIMO DA COSTA PEREIRA   JABAQUARA      04324050SAO PAULO     SP0000000000000000                                                                       000
1040001300054R 01000000000000000000000000000000000000000000000000210022017000000000000200                                                                                                                                                       
1040001300055P 0101298027300700000000000140000000000199331122019933          2510201700000000050429000000099N0810201722510201700000000000000000000000000000000000000000000000000000000000000000000019933                    3001700090000000000 
1040001300056Q 012019529677000140AUTO VIP - VEICULO                      AV CONTORNO                             CARRILHO       76380799GOIANESIA     GO0000000000000000                                                                       0
1040001300057R 01000000000000000000000000000000000000000000000000225102017000000000000200                                                                                                                                                       
1040001300058P 0101298027300700000000000140000000000202751122020275          2001201800000000030000000000099N1710201722001201800000000000000000000000000000000000000000000000000000000000000000000020275                    3001700090000000000 
1040001300059Q 012027996665000234OUROTECH BENEFICIAMENTO DE REJEITOS LTDARODOVIA GO 156, ESQUERDA MAIS 4,5KM     ZONA RURAL     76510000CRIXAS        GO0000000000000000                                                                       0
1040001300060R 01000000000000000000000000000000000000000000000000220012018000000000000200                                                                                                                                                       
1040001300061P 0101298027300700000000000140000000000202761122020276          2002201800000000030000000000099N1710201722002201800000000000000000000000000000000000000000000000000000000000000000000020276                    3001700090000000000 
1040001300062Q 012027996665000234OUROTECH BENEFICIAMENTO DE REJEITOS LTDARODOVIA GO 156, ESQUERDA MAIS 4,5KM     ZONA RURAL     76510000CRIXAS        GO0000000000000000                                                                       0
1040001300063R 01000000000000000000000000000000000000000000000000220022018000000000000200                                                                                                                                                       
1040001300064P 0101298027300700000000000140000000000206791122020679          2011201700000000062143100000099N0511201722011201700000000000000000000000000000000000000000000000000000000000000000000020679                    3001700090000000000 
1040001300065Q 012019529677000140AUTO VIP - VEICULO                      AV CONTORNO                             CARRILHO       76380799GOIANESIA     GO0000000000000000                                                                       0
1040001300066R 01000000000000000000000000000000000000000000000000220112017000000000000200                                                                                                                                                       
1040001300067P 0101298027300700000000000140000000000210131122021013          2011201700000000022314600000099N1311201722011201700000000000000000000000000000000000000000000000000000000000000000000021013                    3001700090000000000 
1040001300068Q 012001378322000131LACEL LATICINIO CERES LTDA              AV BRASILIA  N 1502                     CENTRO         76315000ABADIA DE GOIáGO0000000000000000                                                                       
1040001300069R 01000000000000000000000000000000000000000000000000220112017000000000000200                                                                                                                                                       
1040001300070P 0101298027300700000000000140000000000223351122022335          1812201700000000022314600000099N0112201721812201700000000000000000000000000000000000000000000000000000000000000000000022335                    3001700090000000000 
1040001300071Q 012001378322000131LACEL LATICINIO CERES LTDA              AV BRASILIA  N 1502                     CENTRO         76315000ABADIA DE GOIáGO0000000000000000                                                                       
1040001300072R 01000000000000000000000000000000000000000000000000218122017000000000000200                                                                                                                                                       
1040001300073P 0101298027300700000000000140000000000223741122022374          1012201700000000046000000000099N0512201721012201700000000000000000000000000000000000000000000000000000000000000000000022374                    3001700090000000000 
1040001300074Q 012019529677000140AUTO VIP - VEICULO                      AV CONTORNO                             CARRILHO       76380799GOIANESIA     GO0000000000000000                                                                       0
1040001300075R 01000000000000000000000000000000000000000000000000210122017000000000000200                                                                                                                                                       
1040001300076P 0101298027300700000000000140000000000225291122022529          1112201700000000075600000000099N0612201721112201700000000000000000000000000000000000000000000000000000000000000000000022529                    3001700090000000000 
1040001300077Q 012019529677000140AUTO VIP - VEICULO                      AV CONTORNO                             CARRILHO       76380799GOIANESIA     GO0000000000000000                                                                       0
1040001300078R 01000000000000000000000000000000000000000000000000211122017000000000000200                                                                                                                                                       
1040001300079P 0101298027300700000000000140000000000241391122024139          1001201800000000055085000000099N0801201821001201800000000000000000000000000000000000000000000000000000000000000000000024139                    3001700090000000000 
1040001300080Q 012019529677000140AUTO VIP - VEICULO                      AV CONTORNO                             CARRILHO       76380799GOIANESIA     GO0000000000000000                                                                       0
1040001300081R 01000000000000000000000000000000000000000000000000210012018000000000000200                                                                                                                                                       
1040001300082P 0101298027300700000000000140000000000253291122025329          1502201800000000025960000000099N0102201821502201800000000000000000000000000000000000000000000000000000000000000000000025329                    3001700090000000000 
1040001300083Q 012002460988000105USINA GOIANESIA SA                      RODOVIA GO 438 KM 12                    ZONA RURAL     76380000GOIANESIA     GO0000000000000000                                                                       0
1040001300084R 01000000000000000000000000000000000000000000000000215022018000000000000200                                                                                                                                                       
1040001300085P 0101298027300700000000000140000000000253331122025333          1002201800000000038161200000099N0202201821002201800000000000000000000000000000000000000000000000000000000000000000000025333                    3001700090000000000 
1040001300086Q 012007987748000179URUACU ACUCAR E ALCOOL LTDA             ESTRADA UR - 04 KM 13                   ZONA RURAL     76400000ABADIA DE GOIáGO0000000000000000                                                                       
1040001300087R 01000000000000000000000000000000000000000000000000210022018000000000000200                                                                                                                                                       
1040001300088P 0101298027300700000000000140000000000253341122025334          1002201800000000075744200000099N0202201821002201800000000000000000000000000000000000000000000000000000000000000000000025334                    3001700090000000000 
1040001300089Q 011000001522833404PAULO FERNANDO CAVALCANTE DE MORAIS E OUFAZ BOA ESPERANCA KM5 QD 0 LT 0 N 05    ZONA RURAL     76343000               GO0000000000000000                                                                       
1040001300090R 01000000000000000000000000000000000000000000000000210022018000000000000200                                                                                                                                                       
1040001300091P 0101298027300700000000000140000000000253351122025335          1002201800000000063602000000099N0202201821002201800000000000000000000000000000000000000000000000000000000000000000000025335                    3001700090000000000 
1040001300092Q 012004094192000101AGRO-RUBI AGROPECUARIA LTDA             ROD GO 434 KM 23 5                      ZONA RURAL     76350000ABADIA DE GOIáGO0000000000000000                                                                       
1040001300093R 01000000000000000000000000000000000000000000000000210022018000000000000200                                                                                                                                                       
1040001300094P 0101298027300700000000000140000000000253371122025337          2702201800000000038940000000099N0202201822702201800000000000000000000000000000000000000000000000000000000000000000000025337                    3001700090000000000 
1040001300095Q 012002199795000134EDMAR VILELA                            AVENIDA INDUSTRIAL N 221                CENTRO         76300000CERES          GO0000000000000000                                                                       
1040001300096R 01000000000000000000000000000000000000000000000000227022018000000000000200                                                                                                                                                       
1040001300097P 0101298027300700000000000140000000000253551122025355          1501201800000000022080000000099N0302201821501201800000000000000000000000000000000000000000000000000000000000000000000025355                    3001700090000000000 
1040001300098Q 012001378322000131LACEL LATICINIO CERES LTDA              AV BRASILIA  N 1502                     CENTRO         76315000ABADIA DE GOIáGO0000000000000000                                                                       
1040001300099R 01000000000000000000000000000000000000000000000000215012018000000000000200                                                                                                                                                       
1040001300100P 0101298027300700000000000140000000000253561122025356          1502201800000000022080000000099N0302201821502201800000000000000000000000000000000000000000000000000000000000000000000025356                    3001700090000000000 
1040001300101Q 012001378322000131LACEL LATICINIO CERES LTDA              AV BRASILIA  N 1502                     CENTRO         76315000ABADIA DE GOIáGO0000000000000000                                                                       
1040001300102R 01000000000000000000000000000000000000000000000000215022018000000000000200                                                                                                                                                       
10400015         000104000034000000000128958860000000000000000000000000000000000000000000000                                                                                                                                                    
10499999         000001000106                                                                                                                                                                                                                   