10400000         2116559540001590000000000000000000001298027300700000000FEDERAL SISTEMAS              CAIXA ECONOMICA FEDERAL                 12103201817303300004605000000                    REMESSA-PRODUCAO                                 
10400011R0100030 20116559540001592730070000000000000001298027300700000000FEDERAL SISTEMAS                                                                                              000000462103201800000000                                 
1040001300001P 0101298027300700000000000140000000000279931122027993          1804201800000000010500000000099N2103201821804201800000000000060000000000000000000000000000000000000000000000000000000027993                    3001090090000000000 
1040001300002Q 012021249516000144TRUCK SERVICE RIALMA LTDA - ME          AV. BERNARDO SAYAO                      CENTRO         76310000RIALMA         GO0000000000000000                                                                       
1040001300003R 01000000000000000000000000000000000000000000000000218042018000000000000200                                                                                                                                                       
1040001300004P 0101298027300700000000000140000000000279941122027994          1504201800000000000250000000099N2103201821504201800000000000060000000000000000000000000000000000000000000000000000000027994                    3001090090000000000 
1040001300005Q 012000000712723641AMADEU CARNEIRO DE SOUSA NETO           RUA 33 QD 02 LT 12                      RIALMA II      76310000RIALMA         GO0000000000000000                                                                       
1040001300006R 01000000000000000000000000000000000000000000000000215042018000000000000200                                                                                                                                                       
1040001300007P 0101298027300700000000000140000000000279951122027995          1505201800000000000250000000099N2103201821505201800000000000060000000000000000000000000000000000000000000000000000000027995                    3001090090000000000 
1040001300008Q 012000000712723641AMADEU CARNEIRO DE SOUSA NETO           RUA 33 QD 02 LT 12                      RIALMA II      76310000RIALMA         GO0000000000000000                                                                       
1040001300009R 01000000000000000000000000000000000000000000000000215052018000000000000200                                                                                                                                                       
1040001300010P 0101298027300700000000000140000000000279961122027996          1506201800000000000250000000099N2103201821506201800000000000060000000000000000000000000000000000000000000000000000000027996                    3001090090000000000 
1040001300011Q 012000000712723641AMADEU CARNEIRO DE SOUSA NETO           RUA 33 QD 02 LT 12                      RIALMA II      76310000RIALMA         GO0000000000000000                                                                       
1040001300012R 01000000000000000000000000000000000000000000000000215062018000000000000200                                                                                                                                                       
1040001300013P 0101298027300700000000000140000000000279971122027997          1507201800000000000250000000099N2103201821507201800000000000060000000000000000000000000000000000000000000000000000000027997                    3001090090000000000 
1040001300014Q 012000000712723641AMADEU CARNEIRO DE SOUSA NETO           RUA 33 QD 02 LT 12                      RIALMA II      76310000RIALMA         GO0000000000000000                                                                       
1040001300015R 01000000000000000000000000000000000000000000000000215072018000000000000200                                                                                                                                                       
1040001300016P 0101298027300700000000000140000000000279981122027998          1508201800000000000250000000099N2103201821508201800000000000060000000000000000000000000000000000000000000000000000000027998                    3001090090000000000 
1040001300017Q 012000000712723641AMADEU CARNEIRO DE SOUSA NETO           RUA 33 QD 02 LT 12                      RIALMA II      76310000RIALMA         GO0000000000000000                                                                       
1040001300018R 01000000000000000000000000000000000000000000000000215082018000000000000200                                                                                                                                                       
1040001300019P 0101298027300700000000000140000000000279991122027999          1509201800000000000250000000099N2103201821509201800000000000060000000000000000000000000000000000000000000000000000000027999                    3001090090000000000 
1040001300020Q 012000000712723641AMADEU CARNEIRO DE SOUSA NETO           RUA 33 QD 02 LT 12                      RIALMA II      76310000RIALMA         GO0000000000000000                                                                       
1040001300021R 01000000000000000000000000000000000000000000000000215092018000000000000200                                                                                                                                                       
1040001300022P 0101298027300700000000000140000000000280001122028000          1510201800000000000250000000099N2103201821510201800000000000060000000000000000000000000000000000000000000000000000000028000                    3001090090000000000 
1040001300023Q 012000000712723641AMADEU CARNEIRO DE SOUSA NETO           RUA 33 QD 02 LT 12                      RIALMA II      76310000RIALMA         GO0000000000000000                                                                       
1040001300024R 01000000000000000000000000000000000000000000000000215102018000000000000200                                                                                                                                                       
1040001300025P 0101298027300700000000000140000000000280011122028001          1511201800000000000250000000099N2103201821511201800000000000060000000000000000000000000000000000000000000000000000000028001                    3001090090000000000 
1040001300026Q 012000000712723641AMADEU CARNEIRO DE SOUSA NETO           RUA 33 QD 02 LT 12                      RIALMA II      76310000RIALMA         GO0000000000000000                                                                       
1040001300027R 01000000000000000000000000000000000000000000000000215112018000000000000200                                                                                                                                                       
1040001300028P 0101298027300700000000000140000000000280021122028002          1512201800000000000250000000099N2103201821512201800000000000060000000000000000000000000000000000000000000000000000000028002                    3001090090000000000 
1040001300029Q 012000000712723641AMADEU CARNEIRO DE SOUSA NETO           RUA 33 QD 02 LT 12                      RIALMA II      76310000RIALMA         GO0000000000000000                                                                       
1040001300030R 01000000000000000000000000000000000000000000000000215122018000000000000200                                                                                                                                                       
1040001300031P 0101298027300700000000000140000000000280031122028003          1501201900000000000250000000099N2103201821501201900000000000060000000000000000000000000000000000000000000000000000000028003                    3001090090000000000 
1040001300032Q 012000000712723641AMADEU CARNEIRO DE SOUSA NETO           RUA 33 QD 02 LT 12                      RIALMA II      76310000RIALMA         GO0000000000000000                                                                       
1040001300033R 01000000000000000000000000000000000000000000000000215012019000000000000200                                                                                                                                                       
1040001300034P 0101298027300700000000000140000000000280041122028004          1502201900000000000250000000099N2103201821502201900000000000060000000000000000000000000000000000000000000000000000000028004                    3001090090000000000 
1040001300035Q 012000000712723641AMADEU CARNEIRO DE SOUSA NETO           RUA 33 QD 02 LT 12                      RIALMA II      76310000RIALMA         GO0000000000000000                                                                       
1040001300036R 01000000000000000000000000000000000000000000000000215022019000000000000200                                                                                                                                                       
1040001300037P 0101298027300700000000000140000000000280051122028005          1503201900000000000250000000099N2103201821503201900000000000060000000000000000000000000000000000000000000000000000000028005                    3001090090000000000 
1040001300038Q 012000000712723641AMADEU CARNEIRO DE SOUSA NETO           RUA 33 QD 02 LT 12                      RIALMA II      76310000RIALMA         GO0000000000000000                                                                       
1040001300039R 01000000000000000000000000000000000000000000000000215032019000000000000200                                                                                                                                                       
1040001300040P 0101298027300700000000000140000000000280061122028006          2004201800000000001180000000099N2103201822004201800000000000060000000000000000000000000000000000000000000000000000000028006                    3001090090000000000 
1040001300041Q 012013151200000197A. C. TRANSPORTES LTDA - ME             R JAIME GONZAGA SOBRINHO                CENTRO         76395000SANTA RITA DO NGO0000000000000000                                                                       
1040001300042R 01000000000000000000000000000000000000000000000000220042018000000000000200                                                                                                                                                       
1040001300043P 0101298027300700000000000140000000000280071122028007          2005201800000000001180000000099N2103201822005201800000000000060000000000000000000000000000000000000000000000000000000028007                    3001090090000000000 
1040001300044Q 012013151200000197A. C. TRANSPORTES LTDA - ME             R JAIME GONZAGA SOBRINHO                CENTRO         76395000SANTA RITA DO NGO0000000000000000                                                                       
1040001300045R 01000000000000000000000000000000000000000000000000220052018000000000000200                                                                                                                                                       
1040001300046P 0101298027300700000000000140000000000280081122028008          2006201800000000001180000000099N2103201822006201800000000000060000000000000000000000000000000000000000000000000000000028008                    3001090090000000000 
1040001300047Q 012013151200000197A. C. TRANSPORTES LTDA - ME             R JAIME GONZAGA SOBRINHO                CENTRO         76395000SANTA RITA DO NGO0000000000000000                                                                       
1040001300048R 01000000000000000000000000000000000000000000000000220062018000000000000200                                                                                                                                                       
1040001300049P 0101298027300700000000000140000000000280091122028009          2007201800000000001180000000099N2103201822007201800000000000060000000000000000000000000000000000000000000000000000000028009                    3001090090000000000 
1040001300050Q 012013151200000197A. C. TRANSPORTES LTDA - ME             R JAIME GONZAGA SOBRINHO                CENTRO         76395000SANTA RITA DO NGO0000000000000000                                                                       
1040001300051R 01000000000000000000000000000000000000000000000000220072018000000000000200                                                                                                                                                       
1040001300052P 0101298027300700000000000140000000000280101122028010          2008201800000000001180000000099N2103201822008201800000000000060000000000000000000000000000000000000000000000000000000028010                    3001090090000000000 
1040001300053Q 012013151200000197A. C. TRANSPORTES LTDA - ME             R JAIME GONZAGA SOBRINHO                CENTRO         76395000SANTA RITA DO NGO0000000000000000                                                                       
1040001300054R 01000000000000000000000000000000000000000000000000220082018000000000000200                                                                                                                                                       
1040001300055P 0101298027300700000000000140000000000280111122028011          2009201800000000001180000000099N2103201822009201800000000000060000000000000000000000000000000000000000000000000000000028011                    3001090090000000000 
1040001300056Q 012013151200000197A. C. TRANSPORTES LTDA - ME             R JAIME GONZAGA SOBRINHO                CENTRO         76395000SANTA RITA DO NGO0000000000000000                                                                       
1040001300057R 01000000000000000000000000000000000000000000000000220092018000000000000200                                                                                                                                                       
1040001300058P 0101298027300700000000000140000000000280121122028012          2010201800000000001180000000099N2103201822010201800000000000060000000000000000000000000000000000000000000000000000000028012                    3001090090000000000 
1040001300059Q 012013151200000197A. C. TRANSPORTES LTDA - ME             R JAIME GONZAGA SOBRINHO                CENTRO         76395000SANTA RITA DO NGO0000000000000000                                                                       
1040001300060R 01000000000000000000000000000000000000000000000000220102018000000000000200                                                                                                                                                       
1040001300061P 0101298027300700000000000140000000000280131122028013          2011201800000000001180000000099N2103201822011201800000000000060000000000000000000000000000000000000000000000000000000028013                    3001090090000000000 
1040001300062Q 012013151200000197A. C. TRANSPORTES LTDA - ME             R JAIME GONZAGA SOBRINHO                CENTRO         76395000SANTA RITA DO NGO0000000000000000                                                                       
1040001300063R 01000000000000000000000000000000000000000000000000220112018000000000000200                                                                                                                                                       
1040001300064P 0101298027300700000000000140000000000280141122028014          2012201800000000001180000000099N2103201822012201800000000000060000000000000000000000000000000000000000000000000000000028014                    3001090090000000000 
1040001300065Q 012013151200000197A. C. TRANSPORTES LTDA - ME             R JAIME GONZAGA SOBRINHO                CENTRO         76395000SANTA RITA DO NGO0000000000000000                                                                       
1040001300066R 01000000000000000000000000000000000000000000000000220122018000000000000200                                                                                                                                                       
1040001300067P 0101298027300700000000000140000000000280151122028015          2001201900000000001180000000099N2103201822001201900000000000060000000000000000000000000000000000000000000000000000000028015                    3001090090000000000 
1040001300068Q 012013151200000197A. C. TRANSPORTES LTDA - ME             R JAIME GONZAGA SOBRINHO                CENTRO         76395000SANTA RITA DO NGO0000000000000000                                                                       
1040001300069R 01000000000000000000000000000000000000000000000000220012019000000000000200                                                                                                                                                       
1040001300070P 0101298027300700000000000140000000000280161122028016          2002201900000000001180000000099N2103201822002201900000000000060000000000000000000000000000000000000000000000000000000028016                    3001090090000000000 
1040001300071Q 012013151200000197A. C. TRANSPORTES LTDA - ME             R JAIME GONZAGA SOBRINHO                CENTRO         76395000SANTA RITA DO NGO0000000000000000                                                                       
1040001300072R 01000000000000000000000000000000000000000000000000220022019000000000000200                                                                                                                                                       
1040001300073P 0101298027300700000000000140000000000280171122028017          2003201900000000001180000000099N2103201822003201900000000000060000000000000000000000000000000000000000000000000000000028017                    3001090090000000000 
1040001300074Q 012013151200000197A. C. TRANSPORTES LTDA - ME             R JAIME GONZAGA SOBRINHO                CENTRO         76395000SANTA RITA DO NGO0000000000000000                                                                       
1040001300075R 01000000000000000000000000000000000000000000000000220032019000000000000200                                                                                                                                                       
10400015         000077000025000000000002766000000000000000000000000000000000000000000000000                                                                                                                                                    
10499999         000001000079                                                                                                                                                                                                                   