10400000         2116559540001590000000000000000000001298027300700000000FEDERAL SISTEMAS              CAIXA ECONOMICA FEDERAL                 11704201814533000007805000000                    REMESSA-PRODUCAO                                 
10400011R0100030 20116559540001592730070000000000000001298027300700000000FEDERAL SISTEMAS                                                                                              000000781704201800000000                                 
1040001300001P 0101298027300700000000000140000000000296151122029615          1704201800000000008000000000099N1704201821704201800000000000060000000000000000000000000000000000000000000000000000000029615                    3001090090000000000 
1040001300002Q 012018765152000140CAMILA REGO DA SILVA ARAGAO ME          RUA JOAO MARTINS DO REGO                SANTA ISABEL   64053120TERESINA       PI0000000000000000                                                                       
1040001300003R 01000000000000000000000000000000000000000000000000217042018000000000000200                                                                                                                                                       
10400015         000005000001000000000000800000000000000000000000000000000000000000000000000                                                                                                                                                    
10499999         000001000007                                                                                                                                                                                                                   