10400000         2116559540001590000000000000000000001298027300700000000FEDERAL SISTEMAS              CAIXA ECONOMICA FEDERAL                 10503201818501900003305000000                    REMESSA-PRODUCAO                                 
10400011R0100030 20116559540001592730070000000000000001298027300700000000FEDERAL SISTEMAS                                                                                              000000330503201800000000                                 
1040001300001P 0101298027300700000000000140000000000265911122026591          1503201800000000005000000000099N0303201821503201800000000000000000000000000000000000000000000000000000000000000000000026591                    3001700090000000000 
1040001300002Q 012010760310000168NOBRE ALIMENTOS LTDA                    VIA SECUNDARIA 02 QD 06 LT 3 12127      DAIF           73813000ABADIA DE GOIáGO0000000000000000                                                                       
1040001300003R 01000000000000000000000000000000000000000000000000215032018000000000000200                                                                                                                                                       
1040001300004P 0101298027300700000000000140000000000265921122026592          1503201800000000002000000000099N0303201821503201800000000000000000000000000000000000000000000000000000000000000000000026592                    3001700090000000000 
1040001300005Q 012010807374000177BOA SAFRA SEMENTES LTDA                 AV CIRCULAR N 211A                      FORMOSINHA     73813170               GO0000000000000000                                                                       
1040001300006R 01000000000000000000000000000000000000000000000000215032018000000000000200                                                                                                                                                       
1040001300007P 0101298027300700000000000140000000000265931122026593          1503201800000000022080000000099N0303201821503201800000000000000000000000000000000000000000000000000000000000000000000026593                    3001700090000000000 
1040001300008Q 012001378322000131LACEL LATICINIO CERES LTDA              AV BRASILIA  N 1502                     CENTRO         76315000ABADIA DE GOIáGO0000000000000000                                                                       
1040001300009R 01000000000000000000000000000000000000000000000000215032018000000000000200                                                                                                                                                       
1040001300010P 0101298027300700000000000140000000000265941122026594          1503201800000000012420000000099N0303201821503201800000000000000000000000000000000000000000000000000000000000000000000026594                    3001700090000000000 
1040001300011Q 012005886386000102LANNO INDUSTRIA E COM DE LATICINIOS LTDAAV JOAO LEITE QD 1 LT 18                SANTA GENOVEVA 74672020GOIANIA       GO0000000000000000                                                                       0
1040001300012R 01000000000000000000000000000000000000000000000000215032018000000000000200                                                                                                                                                       
10400015         000014000004000000000004150000000000000000000000000000000000000000000000000                                                                                                                                                    
10499999         000001000016                                                                                                                                                                                                                   