10400000         2116559540001590000000000000000000001298027300700000000FEDERAL SISTEMAS              CAIXA ECONOMICA FEDERAL                 11901201811023200000505000000                    REMESSA-PRODUCAO                                 
10400011R0100030 20116559540001592730070000000000000001298027300700000000FEDERAL SISTEMAS                                                                                              000000051901201800000000                                 
1040001300001P 0101298027300700000000000140000000000247631122024763          2001201800000000000400000000099N1901201822001201800000000000000000000000000000000000000000000000000000000000000000000024763                    3001030090000000000 
1040001300002Q 011000097367290100RICARDO MENDONCA DE JESUS               RUA 15, N 235 Q. B  LOTE 09 SETOR PLANALPLANALTO       76314970RIALMA         GO0000000000000000                                                                       
1040001300003R 01000000000000000000000000000000000000000000000000220012018000000000000200                                                                                                                                                       
1040001300004P 0101298027300700000000000140000000000247651122024765          1003201800000000001180000000099N1901201821003201800000000000000000000000000000000000000000000000000000000000000000000024765                    3001030090000000000 
1040001300005Q 012004222984000106CERRADO AGROMETAL INDUSTRIA MECANICA E TERUA MAJOR MILITAO                      JARDIM AMERICA 75523270ITUMBIARA      GO0000000000000000                                                                       
1040001300006R 01000000000000000000000000000000000000000000000000210032018000000000000200                                                                                                                                                       
1040001300007P 0101298027300700000000000140000000000247661122024766          1004201800000000001180000000099N1901201821004201800000000000000000000000000000000000000000000000000000000000000000000024766                    3001030090000000000 
1040001300008Q 012004222984000106CERRADO AGROMETAL INDUSTRIA MECANICA E TERUA MAJOR MILITAO                      JARDIM AMERICA 75523270ITUMBIARA      GO0000000000000000                                                                       
1040001300009R 01000000000000000000000000000000000000000000000000210042018000000000000200                                                                                                                                                       
1040001300010P 0101298027300700000000000140000000000247671122024767          1005201800000000001180000000099N1901201821005201800000000000000000000000000000000000000000000000000000000000000000000024767                    3001030090000000000 
1040001300011Q 012004222984000106CERRADO AGROMETAL INDUSTRIA MECANICA E TERUA MAJOR MILITAO                      JARDIM AMERICA 75523270ITUMBIARA      GO0000000000000000                                                                       
1040001300012R 01000000000000000000000000000000000000000000000000210052018000000000000200                                                                                                                                                       
1040001300013P 0101298027300700000000000140000000000247681122024768          1006201800000000001180000000099N1901201821006201800000000000000000000000000000000000000000000000000000000000000000000024768                    3001030090000000000 
1040001300014Q 012004222984000106CERRADO AGROMETAL INDUSTRIA MECANICA E TERUA MAJOR MILITAO                      JARDIM AMERICA 75523270ITUMBIARA      GO0000000000000000                                                                       
1040001300015R 01000000000000000000000000000000000000000000000000210062018000000000000200                                                                                                                                                       
1040001300016P 0101298027300700000000000140000000000247691122024769          1007201800000000001180000000099N1901201821007201800000000000000000000000000000000000000000000000000000000000000000000024769                    3001030090000000000 
1040001300017Q 012004222984000106CERRADO AGROMETAL INDUSTRIA MECANICA E TERUA MAJOR MILITAO                      JARDIM AMERICA 75523270ITUMBIARA      GO0000000000000000                                                                       
1040001300018R 01000000000000000000000000000000000000000000000000210072018000000000000200                                                                                                                                                       
1040001300019P 0101298027300700000000000140000000000247701122024770          1008201800000000001180000000099N1901201821008201800000000000000000000000000000000000000000000000000000000000000000000024770                    3001030090000000000 
1040001300020Q 012004222984000106CERRADO AGROMETAL INDUSTRIA MECANICA E TERUA MAJOR MILITAO                      JARDIM AMERICA 75523270ITUMBIARA      GO0000000000000000                                                                       
1040001300021R 01000000000000000000000000000000000000000000000000210082018000000000000200                                                                                                                                                       
1040001300022P 0101298027300700000000000140000000000247711122024771          1009201800000000001180000000099N1901201821009201800000000000000000000000000000000000000000000000000000000000000000000024771                    3001030090000000000 
1040001300023Q 012004222984000106CERRADO AGROMETAL INDUSTRIA MECANICA E TERUA MAJOR MILITAO                      JARDIM AMERICA 75523270ITUMBIARA      GO0000000000000000                                                                       
1040001300024R 01000000000000000000000000000000000000000000000000210092018000000000000200                                                                                                                                                       
1040001300025P 0101298027300700000000000140000000000247721122024772          1010201800000000001180000000099N1901201821010201800000000000000000000000000000000000000000000000000000000000000000000024772                    3001030090000000000 
1040001300026Q 012004222984000106CERRADO AGROMETAL INDUSTRIA MECANICA E TERUA MAJOR MILITAO                      JARDIM AMERICA 75523270ITUMBIARA      GO0000000000000000                                                                       
1040001300027R 01000000000000000000000000000000000000000000000000210102018000000000000200                                                                                                                                                       
1040001300028P 0101298027300700000000000140000000000247731122024773          1011201800000000001180000000099N1901201821011201800000000000000000000000000000000000000000000000000000000000000000000024773                    3001030090000000000 
1040001300029Q 012004222984000106CERRADO AGROMETAL INDUSTRIA MECANICA E TERUA MAJOR MILITAO                      JARDIM AMERICA 75523270ITUMBIARA      GO0000000000000000                                                                       
1040001300030R 01000000000000000000000000000000000000000000000000210112018000000000000200                                                                                                                                                       
1040001300031P 0101298027300700000000000140000000000247741122024774          1012201800000000001180000000099N1901201821012201800000000000000000000000000000000000000000000000000000000000000000000024774                    3001030090000000000 
1040001300032Q 012004222984000106CERRADO AGROMETAL INDUSTRIA MECANICA E TERUA MAJOR MILITAO                      JARDIM AMERICA 75523270ITUMBIARA      GO0000000000000000                                                                       
1040001300033R 01000000000000000000000000000000000000000000000000210122018000000000000200                                                                                                                                                       
1040001300034P 0101298027300700000000000140000000000247751122024775          1001201900000000001180000000099N1901201821001201900000000000000000000000000000000000000000000000000000000000000000000024775                    3001030090000000000 
1040001300035Q 012004222984000106CERRADO AGROMETAL INDUSTRIA MECANICA E TERUA MAJOR MILITAO                      JARDIM AMERICA 75523270ITUMBIARA      GO0000000000000000                                                                       
1040001300036R 01000000000000000000000000000000000000000000000000210012019000000000000200                                                                                                                                                       
1040001300037P 0101298027300700000000000140000000000247761122024776          1002201900000000001180000000099N1901201821002201900000000000000000000000000000000000000000000000000000000000000000000024776                    3001030090000000000 
1040001300038Q 012004222984000106CERRADO AGROMETAL INDUSTRIA MECANICA E TERUA MAJOR MILITAO                      JARDIM AMERICA 75523270ITUMBIARA      GO0000000000000000                                                                       
1040001300039R 01000000000000000000000000000000000000000000000000210022019000000000000200                                                                                                                                                       
10400015         000041000013000000000001456000000000000000000000000000000000000000000000000                                                                                                                                                    
10499999         000001000043                                                                                                                                                                                                                   