10400000         2116559540001590000000000000000000001298027300700000000FEDERAL SISTEMAS              CAIXA ECONOMICA FEDERAL                 12305201807253100011005000000                    REMESSA-PRODUCAO                                 
10400011R0100030 20116559540001592730070000000000000001298027300700000000FEDERAL SISTEMAS                                                                                              000001102305201800000000                                 
1040001300001P 0101298027300700000000000140000000000312491122031249          2505201800000000000650000000099N1705201822505201800000000000060000000000000000000000000000000000000000000000000000000031249                    3001029090000000000 
1040001300002Q 011000047163240104FABIO DE ALMEIDA COSTA                  RUA 31 LOTE 30                          VILA NOVA      76300000CERES          GO0000000000000000                                                                       
1040001300003R 01000000000000000000000000000000000000000000000000225052018000000000000200                                                                                                                                                       
1040001300004P 0101298027300700000000000140000000000312501122031250          2505201800000000000650000000099N1705201822505201800000000000060000000000000000000000000000000000000000000000000000000031250                    3001029090000000000 
1040001300005Q 011000047163240104FABIO DE ALMEIDA COSTA                  RUA 31 LOTE 30                          VILA NOVA      76300000CERES          GO0000000000000000                                                                       
1040001300006R 01000000000000000000000000000000000000000000000000225052018000000000000200                                                                                                                                                       
1040001300007P 0101298027300700000000000140000000000312511122031251          2505201800000000000650000000099N1705201822505201800000000000060000000000000000000000000000000000000000000000000000000031251                    3001029090000000000 
1040001300008Q 011000047163240104FABIO DE ALMEIDA COSTA                  RUA 31 LOTE 30                          VILA NOVA      76300000CERES          GO0000000000000000                                                                       
1040001300009R 01000000000000000000000000000000000000000000000000225052018000000000000200                                                                                                                                                       
1040001300010P 0101298027300700000000000140000000000312521122031252          2505201800000000000650000000099N1705201822505201800000000000060000000000000000000000000000000000000000000000000000000031252                    3001029090000000000 
1040001300011Q 011000047163240104FABIO DE ALMEIDA COSTA                  RUA 31 LOTE 30                          VILA NOVA      76300000CERES          GO0000000000000000                                                                       
1040001300012R 01000000000000000000000000000000000000000000000000225052018000000000000200                                                                                                                                                       
1040001300013P 0101298027300700000000000140000000000312531122031253          2506201800000000000650000000099N1705201822506201800000000000060000000000000000000000000000000000000000000000000000000031253                    3001029090000000000 
1040001300014Q 011000047163240104FABIO DE ALMEIDA COSTA                  RUA 31 LOTE 30                          VILA NOVA      76300000CERES          GO0000000000000000                                                                       
1040001300015R 01000000000000000000000000000000000000000000000000225062018000000000000200                                                                                                                                                       
1040001300016P 0101298027300700000000000140000000000312541122031254          2507201800000000000650000000099N1705201822507201800000000000060000000000000000000000000000000000000000000000000000000031254                    3001029090000000000 
1040001300017Q 011000047163240104FABIO DE ALMEIDA COSTA                  RUA 31 LOTE 30                          VILA NOVA      76300000CERES          GO0000000000000000                                                                       
1040001300018R 01000000000000000000000000000000000000000000000000225072018000000000000200                                                                                                                                                       
1040001300019P 0101298027300700000000000140000000000312551122031255          2508201800000000000650000000099N1705201822508201800000000000060000000000000000000000000000000000000000000000000000000031255                    3001029090000000000 
1040001300020Q 011000047163240104FABIO DE ALMEIDA COSTA                  RUA 31 LOTE 30                          VILA NOVA      76300000CERES          GO0000000000000000                                                                       
1040001300021R 01000000000000000000000000000000000000000000000000225082018000000000000200                                                                                                                                                       
1040001300022P 0101298027300700000000000140000000000312561122031256          2509201800000000000650000000099N1705201822509201800000000000060000000000000000000000000000000000000000000000000000000031256                    3001029090000000000 
1040001300023Q 011000047163240104FABIO DE ALMEIDA COSTA                  RUA 31 LOTE 30                          VILA NOVA      76300000CERES          GO0000000000000000                                                                       
1040001300024R 01000000000000000000000000000000000000000000000000225092018000000000000200                                                                                                                                                       
1040001300025P 0101298027300700000000000140000000000312571122031257          2510201800000000000650000000099N1705201822510201800000000000060000000000000000000000000000000000000000000000000000000031257                    3001029090000000000 
1040001300026Q 011000047163240104FABIO DE ALMEIDA COSTA                  RUA 31 LOTE 30                          VILA NOVA      76300000CERES          GO0000000000000000                                                                       
1040001300027R 01000000000000000000000000000000000000000000000000225102018000000000000200                                                                                                                                                       
1040001300028P 0101298027300700000000000140000000000312581122031258          2511201800000000000650000000099N1705201822511201800000000000060000000000000000000000000000000000000000000000000000000031258                    3001029090000000000 
1040001300029Q 011000047163240104FABIO DE ALMEIDA COSTA                  RUA 31 LOTE 30                          VILA NOVA      76300000CERES          GO0000000000000000                                                                       
1040001300030R 01000000000000000000000000000000000000000000000000225112018000000000000200                                                                                                                                                       
1040001300031P 0101298027300700000000000140000000000312591122031259          2512201800000000000650000000099N1705201822512201800000000000060000000000000000000000000000000000000000000000000000000031259                    3001029090000000000 
1040001300032Q 011000047163240104FABIO DE ALMEIDA COSTA                  RUA 31 LOTE 30                          VILA NOVA      76300000CERES          GO0000000000000000                                                                       
1040001300033R 01000000000000000000000000000000000000000000000000225122018000000000000200                                                                                                                                                       
1040001300034P 0101298027300700000000000140000000000312601122031260          2501201900000000000650000000099N1705201822501201900000000000060000000000000000000000000000000000000000000000000000000031260                    3001029090000000000 
1040001300035Q 011000047163240104FABIO DE ALMEIDA COSTA                  RUA 31 LOTE 30                          VILA NOVA      76300000CERES          GO0000000000000000                                                                       
1040001300036R 01000000000000000000000000000000000000000000000000225012019000000000000200                                                                                                                                                       
1040001300037P 0101298027300700000000000140000000000312621122031262          1505201800000000000295000000099N1705201821505201800000000000060000000000000000000000000000000000000000000000000000000031262                    3001029090000000000 
1040001300038Q 011000003712586183EDUARDO SILVA FREITAS                   RUA NITEROI QD 138 LT 13                PARQUE AMAZONIA74843160GOIANIA        GO0000000000000000                                                                       
1040001300039R 01000000000000000000000000000000000000000000000000215052018000000000000200                                                                                                                                                       
1040001300040P 0101298027300700000000000140000000000312631122031263          1505201800000000000295000000099N1705201821505201800000000000060000000000000000000000000000000000000000000000000000000031263                    3001029090000000000 
1040001300041Q 011000003712586183EDUARDO SILVA FREITAS                   RUA NITEROI QD 138 LT 13                PARQUE AMAZONIA74843160GOIANIA        GO0000000000000000                                                                       
1040001300042R 01000000000000000000000000000000000000000000000000215052018000000000000200                                                                                                                                                       
1040001300043P 0101298027300700000000000140000000000312641122031264          1505201800000000000295000000099N1705201821505201800000000000060000000000000000000000000000000000000000000000000000000031264                    3001029090000000000 
1040001300044Q 011000003712586183EDUARDO SILVA FREITAS                   RUA NITEROI QD 138 LT 13                PARQUE AMAZONIA74843160GOIANIA        GO0000000000000000                                                                       
1040001300045R 01000000000000000000000000000000000000000000000000215052018000000000000200                                                                                                                                                       
1040001300046P 0101298027300700000000000140000000000312651122031265          1506201800000000000295000000099N1705201821506201800000000000060000000000000000000000000000000000000000000000000000000031265                    3001029090000000000 
1040001300047Q 011000003712586183EDUARDO SILVA FREITAS                   RUA NITEROI QD 138 LT 13                PARQUE AMAZONIA74843160GOIANIA        GO0000000000000000                                                                       
1040001300048R 01000000000000000000000000000000000000000000000000215062018000000000000200                                                                                                                                                       
1040001300049P 0101298027300700000000000140000000000312661122031266          1507201800000000000295000000099N1705201821507201800000000000060000000000000000000000000000000000000000000000000000000031266                    3001029090000000000 
1040001300050Q 011000003712586183EDUARDO SILVA FREITAS                   RUA NITEROI QD 138 LT 13                PARQUE AMAZONIA74843160GOIANIA        GO0000000000000000                                                                       
1040001300051R 01000000000000000000000000000000000000000000000000215072018000000000000200                                                                                                                                                       
1040001300052P 0101298027300700000000000140000000000312671122031267          1508201800000000000295000000099N1705201821508201800000000000060000000000000000000000000000000000000000000000000000000031267                    3001029090000000000 
1040001300053Q 011000003712586183EDUARDO SILVA FREITAS                   RUA NITEROI QD 138 LT 13                PARQUE AMAZONIA74843160GOIANIA        GO0000000000000000                                                                       
1040001300054R 01000000000000000000000000000000000000000000000000215082018000000000000200                                                                                                                                                       
1040001300055P 0101298027300700000000000140000000000312681122031268          1509201800000000000295000000099N1705201821509201800000000000060000000000000000000000000000000000000000000000000000000031268                    3001029090000000000 
1040001300056Q 011000003712586183EDUARDO SILVA FREITAS                   RUA NITEROI QD 138 LT 13                PARQUE AMAZONIA74843160GOIANIA        GO0000000000000000                                                                       
1040001300057R 01000000000000000000000000000000000000000000000000215092018000000000000200                                                                                                                                                       
1040001300058P 0101298027300700000000000140000000000312691122031269          1510201800000000000295000000099N1705201821510201800000000000060000000000000000000000000000000000000000000000000000000031269                    3001029090000000000 
1040001300059Q 011000003712586183EDUARDO SILVA FREITAS                   RUA NITEROI QD 138 LT 13                PARQUE AMAZONIA74843160GOIANIA        GO0000000000000000                                                                       
1040001300060R 01000000000000000000000000000000000000000000000000215102018000000000000200                                                                                                                                                       
1040001300061P 0101298027300700000000000140000000000312701122031270          1511201800000000000295000000099N1705201821511201800000000000060000000000000000000000000000000000000000000000000000000031270                    3001029090000000000 
1040001300062Q 011000003712586183EDUARDO SILVA FREITAS                   RUA NITEROI QD 138 LT 13                PARQUE AMAZONIA74843160GOIANIA        GO0000000000000000                                                                       
1040001300063R 01000000000000000000000000000000000000000000000000215112018000000000000200                                                                                                                                                       
1040001300064P 0101298027300700000000000140000000000312711122031271          1512201800000000000295000000099N1705201821512201800000000000060000000000000000000000000000000000000000000000000000000031271                    3001029090000000000 
1040001300065Q 011000003712586183EDUARDO SILVA FREITAS                   RUA NITEROI QD 138 LT 13                PARQUE AMAZONIA74843160GOIANIA        GO0000000000000000                                                                       
1040001300066R 01000000000000000000000000000000000000000000000000215122018000000000000200                                                                                                                                                       
1040001300067P 0101298027300700000000000140000000000312721122031272          1501201900000000000295000000099N1705201821501201900000000000060000000000000000000000000000000000000000000000000000000031272                    3001029090000000000 
1040001300068Q 011000003712586183EDUARDO SILVA FREITAS                   RUA NITEROI QD 138 LT 13                PARQUE AMAZONIA74843160GOIANIA        GO0000000000000000                                                                       
1040001300069R 01000000000000000000000000000000000000000000000000215012019000000000000200                                                                                                                                                       
1040001300070P 0101298027300700000000000140000000000312731122031273          1502201900000000000295000000099N1705201821502201900000000000060000000000000000000000000000000000000000000000000000000031273                    3001029090000000000 
1040001300071Q 011000003712586183EDUARDO SILVA FREITAS                   RUA NITEROI QD 138 LT 13                PARQUE AMAZONIA74843160GOIANIA        GO0000000000000000                                                                       
1040001300072R 01000000000000000000000000000000000000000000000000215022019000000000000200                                                                                                                                                       
1040001300073P 0101298027300700000000000140000000000312741122031274          2505201800000000001500000000099N1705201822505201800000000000060000000000000000000000000000000000000000000000000000000031274                    3001029090000000000 
1040001300074Q 012017949900000859TRANSPORTADORA GIACCHERO LTDA           ROD GO 565 KM 6,2                       ZONA RURAL     76390000BARRO ALTO     GO0000000000000000                                                                       
1040001300075R 01000000000000000000000000000000000000000000000000225052018000000000000200                                                                                                                                                       
10400015         000077000025000000000001284000000000000000000000000000000000000000000000000                                                                                                                                                    
10499999         000001000079                                                                                                                                                                                                                   