10400000         2116559540001590000000000000000000001298027300700000000FEDERAL SISTEMAS              CAIXA ECONOMICA FEDERAL                 11005201811132700009305000000                    REMESSA-PRODUCAO                                 
10400011R0100030 20116559540001592730070000000000000001298027300700000000FEDERAL SISTEMAS                                                                                              000000931005201800000000                                 
1040001300001P 0101298027300700000000000140000000000298331122029833          1005201800000000001500000000099N3004201821005201800000000000060000000000000000000000000000000000000000000000000000000029833                    3001090090000000000 
1040001300002Q 011000035510994134MARCOS JOSE DE FREITAS                  RUA ALTINA DE SOUZA LOBO QD 50 LT 6     SETOR SUL      76320000SANTA ISABEL   GO0000000000000000                                                                       
1040001300003R 01000000000000000000000000000000000000000000000000210052018000000000000200                                                                                                                                                       
1040001300004P 0101298027300700000000000140000000000298341122029834          0506201800000000000500000000099N3004201820506201800000000000060000000000000000000000000000000000000000000000000000000029834                    3001090090000000000 
1040001300005Q 011000035510994134MARCOS JOSE DE FREITAS                  RUA ALTINA DE SOUZA LOBO QD 50 LT 6     SETOR SUL      76320000SANTA ISABEL   GO0000000000000000                                                                       
1040001300006R 01000000000000000000000000000000000000000000000000205062018000000000000200                                                                                                                                                       
1040001300007P 0101298027300700000000000140000000000298351122029835          0507201800000000000500000000099N3004201820507201800000000000060000000000000000000000000000000000000000000000000000000029835                    3001090090000000000 
1040001300008Q 011000035510994134MARCOS JOSE DE FREITAS                  RUA ALTINA DE SOUZA LOBO QD 50 LT 6     SETOR SUL      76320000SANTA ISABEL   GO0000000000000000                                                                       
1040001300009R 01000000000000000000000000000000000000000000000000205072018000000000000200                                                                                                                                                       
1040001300010P 0101298027300700000000000140000000000298361122029836          0508201800000000000500000000099N3004201820508201800000000000060000000000000000000000000000000000000000000000000000000029836                    3001090090000000000 
1040001300011Q 011000035510994134MARCOS JOSE DE FREITAS                  RUA ALTINA DE SOUZA LOBO QD 50 LT 6     SETOR SUL      76320000SANTA ISABEL   GO0000000000000000                                                                       
1040001300012R 01000000000000000000000000000000000000000000000000205082018000000000000200                                                                                                                                                       
1040001300013P 0101298027300700000000000140000000000298371122029837          0509201800000000000500000000099N3004201820509201800000000000060000000000000000000000000000000000000000000000000000000029837                    3001090090000000000 
1040001300014Q 011000035510994134MARCOS JOSE DE FREITAS                  RUA ALTINA DE SOUZA LOBO QD 50 LT 6     SETOR SUL      76320000SANTA ISABEL   GO0000000000000000                                                                       
1040001300015R 01000000000000000000000000000000000000000000000000205092018000000000000200                                                                                                                                                       
1040001300016P 0101298027300700000000000140000000000298381122029838          0510201800000000000500000000099N3004201820510201800000000000060000000000000000000000000000000000000000000000000000000029838                    3001090090000000000 
1040001300017Q 011000035510994134MARCOS JOSE DE FREITAS                  RUA ALTINA DE SOUZA LOBO QD 50 LT 6     SETOR SUL      76320000SANTA ISABEL   GO0000000000000000                                                                       
1040001300018R 01000000000000000000000000000000000000000000000000205102018000000000000200                                                                                                                                                       
1040001300019P 0101298027300700000000000140000000000298391122029839          0511201800000000000500000000099N3004201820511201800000000000060000000000000000000000000000000000000000000000000000000029839                    3001090090000000000 
1040001300020Q 011000035510994134MARCOS JOSE DE FREITAS                  RUA ALTINA DE SOUZA LOBO QD 50 LT 6     SETOR SUL      76320000SANTA ISABEL   GO0000000000000000                                                                       
1040001300021R 01000000000000000000000000000000000000000000000000205112018000000000000200                                                                                                                                                       
1040001300022P 0101298027300700000000000140000000000298401122029840          0512201800000000000500000000099N3004201820512201800000000000060000000000000000000000000000000000000000000000000000000029840                    3001090090000000000 
1040001300023Q 011000035510994134MARCOS JOSE DE FREITAS                  RUA ALTINA DE SOUZA LOBO QD 50 LT 6     SETOR SUL      76320000SANTA ISABEL   GO0000000000000000                                                                       
1040001300024R 01000000000000000000000000000000000000000000000000205122018000000000000200                                                                                                                                                       
1040001300025P 0101298027300700000000000140000000000298411122029841          0501201900000000000500000000099N3004201820501201900000000000060000000000000000000000000000000000000000000000000000000029841                    3001090090000000000 
1040001300026Q 011000035510994134MARCOS JOSE DE FREITAS                  RUA ALTINA DE SOUZA LOBO QD 50 LT 6     SETOR SUL      76320000SANTA ISABEL   GO0000000000000000                                                                       
1040001300027R 01000000000000000000000000000000000000000000000000205012019000000000000200                                                                                                                                                       
1040001300028P 0101298027300700000000000140000000000298421122029842          0502201900000000000500000000099N3004201820502201900000000000060000000000000000000000000000000000000000000000000000000029842                    3001090090000000000 
1040001300029Q 011000035510994134MARCOS JOSE DE FREITAS                  RUA ALTINA DE SOUZA LOBO QD 50 LT 6     SETOR SUL      76320000SANTA ISABEL   GO0000000000000000                                                                       
1040001300030R 01000000000000000000000000000000000000000000000000205022019000000000000200                                                                                                                                                       
1040001300031P 0101298027300700000000000140000000000298431122029843          0503201900000000000500000000099N3004201820503201900000000000060000000000000000000000000000000000000000000000000000000029843                    3001090090000000000 
1040001300032Q 011000035510994134MARCOS JOSE DE FREITAS                  RUA ALTINA DE SOUZA LOBO QD 50 LT 6     SETOR SUL      76320000SANTA ISABEL   GO0000000000000000                                                                       
1040001300033R 01000000000000000000000000000000000000000000000000205032019000000000000200                                                                                                                                                       
1040001300034P 0101298027300700000000000140000000000298441122029844          0504201900000000000500000000099N3004201820504201900000000000060000000000000000000000000000000000000000000000000000000029844                    3001090090000000000 
1040001300035Q 011000035510994134MARCOS JOSE DE FREITAS                  RUA ALTINA DE SOUZA LOBO QD 50 LT 6     SETOR SUL      76320000SANTA ISABEL   GO0000000000000000                                                                       
1040001300036R 01000000000000000000000000000000000000000000000000205042019000000000000200                                                                                                                                                       
1040001300037P 0101298027300700000000000140000000000298451122029845          0505201900000000000500000000099N3004201820505201900000000000060000000000000000000000000000000000000000000000000000000029845                    3001090090000000000 
1040001300038Q 011000035510994134MARCOS JOSE DE FREITAS                  RUA ALTINA DE SOUZA LOBO QD 50 LT 6     SETOR SUL      76320000SANTA ISABEL   GO0000000000000000                                                                       
1040001300039R 01000000000000000000000000000000000000000000000000205052019000000000000200                                                                                                                                                       
10400015         000041000013000000000000750000000000000000000000000000000000000000000000000                                                                                                                                                    
10499999         000001000043                                                                                                                                                                                                                   