10400000         2116559540001590000000000000000000001298027300700000000FEDERAL SISTEMAS              CAIXA ECONOMICA FEDERAL                 10502201810261700000705000000                    REMESSA-PRODUCAO                                 
10400011R0100030 20116559540001592730070000000000000001298027300700000000FEDERAL SISTEMAS                                                                                              000000070502201800000000                                 
1040001300001P 0101298027300700000000000140000000000219681122021968          0502201800000000000700000000099N1811201720502201800000000000000000000000000000000000000000000000000000000000000000000021968                    3001030090000000000 
1040001300002Q 011000006026099840ALFREDO MARTINS DE AMORIM               RUA COLTO MAGALHAES                     UNIVERSITARIO  68540000ABAETETUBA     PA0000000000000000                                                                       
1040001300003R 01000000000000000000000000000000000000000000000000205022018000000000000200                                                                                                                                                       
1040001300004P 0101298027300700000000000140000000000219691122021969          2002201800000000000700000000099N1811201722002201800000000000000000000000000000000000000000000000000000000000000000000021969                    3001030090000000000 
1040001300005Q 011000006026099840ALFREDO MARTINS DE AMORIM               RUA COLTO MAGALHAES                     UNIVERSITARIO  68540000ABAETETUBA     PA0000000000000000                                                                       
1040001300006R 01000000000000000000000000000000000000000000000000220022018000000000000200                                                                                                                                                       
1040001300007P 0101298027300700000000000140000000000219701122021970          2003201800000000000700000000099N1811201722003201800000000000000000000000000000000000000000000000000000000000000000000021970                    3001030090000000000 
1040001300008Q 011000006026099840ALFREDO MARTINS DE AMORIM               RUA COLTO MAGALHAES                     UNIVERSITARIO  68540000ABAETETUBA     PA0000000000000000                                                                       
1040001300009R 01000000000000000000000000000000000000000000000000220032018000000000000200                                                                                                                                                       
1040001300010P 0101298027300700000000000140000000000219711122021971          2004201800000000000700000000099N1811201722004201800000000000000000000000000000000000000000000000000000000000000000000021971                    3001030090000000000 
1040001300011Q 011000006026099840ALFREDO MARTINS DE AMORIM               RUA COLTO MAGALHAES                     UNIVERSITARIO  68540000ABAETETUBA     PA0000000000000000                                                                       
1040001300012R 01000000000000000000000000000000000000000000000000220042018000000000000200                                                                                                                                                       
1040001300013P 0101298027300700000000000140000000000219721122021972          2005201800000000000700000000099N1811201722005201800000000000000000000000000000000000000000000000000000000000000000000021972                    3001030090000000000 
1040001300014Q 011000006026099840ALFREDO MARTINS DE AMORIM               RUA COLTO MAGALHAES                     UNIVERSITARIO  68540000ABAETETUBA     PA0000000000000000                                                                       
1040001300015R 01000000000000000000000000000000000000000000000000220052018000000000000200                                                                                                                                                       
1040001300016P 0101298027300700000000000140000000000219731122021973          2006201800000000000700000000099N1811201722006201800000000000000000000000000000000000000000000000000000000000000000000021973                    3001030090000000000 
1040001300017Q 011000006026099840ALFREDO MARTINS DE AMORIM               RUA COLTO MAGALHAES                     UNIVERSITARIO  68540000ABAETETUBA     PA0000000000000000                                                                       
1040001300018R 01000000000000000000000000000000000000000000000000220062018000000000000200                                                                                                                                                       
1040001300019P 0101298027300700000000000140000000000219741122021974          2007201800000000000700000000099N1811201722007201800000000000000000000000000000000000000000000000000000000000000000000021974                    3001030090000000000 
1040001300020Q 011000006026099840ALFREDO MARTINS DE AMORIM               RUA COLTO MAGALHAES                     UNIVERSITARIO  68540000ABAETETUBA     PA0000000000000000                                                                       
1040001300021R 01000000000000000000000000000000000000000000000000220072018000000000000200                                                                                                                                                       
1040001300022P 0101298027300700000000000140000000000219751122021975          2008201800000000000700000000099N1811201722008201800000000000000000000000000000000000000000000000000000000000000000000021975                    3001030090000000000 
1040001300023Q 011000006026099840ALFREDO MARTINS DE AMORIM               RUA COLTO MAGALHAES                     UNIVERSITARIO  68540000ABAETETUBA     PA0000000000000000                                                                       
1040001300024R 01000000000000000000000000000000000000000000000000220082018000000000000200                                                                                                                                                       
1040001300025P 0101298027300700000000000140000000000219761122021976          2009201800000000000700000000099N1811201722009201800000000000000000000000000000000000000000000000000000000000000000000021976                    3001030090000000000 
1040001300026Q 011000006026099840ALFREDO MARTINS DE AMORIM               RUA COLTO MAGALHAES                     UNIVERSITARIO  68540000ABAETETUBA     PA0000000000000000                                                                       
1040001300027R 01000000000000000000000000000000000000000000000000220092018000000000000200                                                                                                                                                       
1040001300028P 0101298027300700000000000140000000000219771122021977          2010201800000000000700000000099N1811201722010201800000000000000000000000000000000000000000000000000000000000000000000021977                    3001030090000000000 
1040001300029Q 011000006026099840ALFREDO MARTINS DE AMORIM               RUA COLTO MAGALHAES                     UNIVERSITARIO  68540000ABAETETUBA     PA0000000000000000                                                                       
1040001300030R 01000000000000000000000000000000000000000000000000220102018000000000000200                                                                                                                                                       
1040001300031P 0101298027300700000000000140000000000219781122021978          2011201800000000000700000000099N1811201722011201800000000000000000000000000000000000000000000000000000000000000000000021978                    3001030090000000000 
1040001300032Q 011000006026099840ALFREDO MARTINS DE AMORIM               RUA COLTO MAGALHAES                     UNIVERSITARIO  68540000ABAETETUBA     PA0000000000000000                                                                       
1040001300033R 01000000000000000000000000000000000000000000000000220112018000000000000200                                                                                                                                                       
1040001300034P 0101298027300700000000000140000000000219791122021979          2012201800000000000700000000099N1811201722012201800000000000000000000000000000000000000000000000000000000000000000000021979                    3001030090000000000 
1040001300035Q 011000006026099840ALFREDO MARTINS DE AMORIM               RUA COLTO MAGALHAES                     UNIVERSITARIO  68540000ABAETETUBA     PA0000000000000000                                                                       
1040001300036R 01000000000000000000000000000000000000000000000000220122018000000000000200                                                                                                                                                       
10400015         000038000012000000000000840000000000000000000000000000000000000000000000000                                                                                                                                                    
10499999         000001000040                                                                                                                                                                                                                   