10400000         2116559540001590000000000000000000001298027300700000000FEDERAL SISTEMAS              CAIXA ECONOMICA FEDERAL                 11005201811203900009505000000                    REMESSA-PRODUCAO                                 
10400011R0100030 20116559540001592730070000000000000001298027300700000000FEDERAL SISTEMAS                                                                                              000000951005201800000000                                 
1040001300001P 0101298027300700000000000140000000000299681122029968          1005201800000000099887000000099N0305201821005201800000000000060000000000000000000000000000000000000000000000000000000029968                    3001090090000000000 
1040001300002Q 012002635522000195JALLES MACHADO SA                       FAZ SAO PEDRO ROD GO 080 KM 75 1        ZONA RURAL     76380000GOIANESIA      GO0000000000000000                                                                       
1040001300003R 01000000000000000000000000000000000000000000000000210052018000000000000200                                                                                                                                                       
1040001300004P 0101298027300700000000000140000000000299691122029969          2805201800000000002500000000099N0305201822805201800000000000060000000000000000000000000000000000000000000000000000000029969                    3001090090000000000 
1040001300005Q 012008813707000129LUIZ PINTO CONCALVES                    RUA 39 N 198                            SAO CRITOVAO   76380000GOIANESIA      GO0000000000000000                                                                       
1040001300006R 01000000000000000000000000000000000000000000000000228052018000000000000200                                                                                                                                                       
1040001300007P 0101298027300700000000000140000000000299701122029970          2006201800000000000590000000099N0305201822006201800000000000060000000000000000000000000000000000000000000000000000000029970                    3001090090000000000 
1040001300008Q 012008813707000129LUIZ PINTO CONCALVES                    RUA 39 N 198                            SAO CRITOVAO   76380000GOIANESIA      GO0000000000000000                                                                       
1040001300009R 01000000000000000000000000000000000000000000000000220062018000000000000200                                                                                                                                                       
1040001300010P 0101298027300700000000000140000000000299711122029971          2007201800000000000590000000099N0305201822007201800000000000060000000000000000000000000000000000000000000000000000000029971                    3001090090000000000 
1040001300011Q 012008813707000129LUIZ PINTO CONCALVES                    RUA 39 N 198                            SAO CRITOVAO   76380000GOIANESIA      GO0000000000000000                                                                       
1040001300012R 01000000000000000000000000000000000000000000000000220072018000000000000200                                                                                                                                                       
1040001300013P 0101298027300700000000000140000000000299721122029972          2008201800000000000590000000099N0305201822008201800000000000060000000000000000000000000000000000000000000000000000000029972                    3001090090000000000 
1040001300014Q 012008813707000129LUIZ PINTO CONCALVES                    RUA 39 N 198                            SAO CRITOVAO   76380000GOIANESIA      GO0000000000000000                                                                       
1040001300015R 01000000000000000000000000000000000000000000000000220082018000000000000200                                                                                                                                                       
1040001300016P 0101298027300700000000000140000000000299731122029973          2009201800000000000590000000099N0305201822009201800000000000060000000000000000000000000000000000000000000000000000000029973                    3001090090000000000 
1040001300017Q 012008813707000129LUIZ PINTO CONCALVES                    RUA 39 N 198                            SAO CRITOVAO   76380000GOIANESIA      GO0000000000000000                                                                       
1040001300018R 01000000000000000000000000000000000000000000000000220092018000000000000200                                                                                                                                                       
1040001300019P 0101298027300700000000000140000000000299741122029974          2010201800000000000590000000099N0305201822010201800000000000060000000000000000000000000000000000000000000000000000000029974                    3001090090000000000 
1040001300020Q 012008813707000129LUIZ PINTO CONCALVES                    RUA 39 N 198                            SAO CRITOVAO   76380000GOIANESIA      GO0000000000000000                                                                       
1040001300021R 01000000000000000000000000000000000000000000000000220102018000000000000200                                                                                                                                                       
1040001300022P 0101298027300700000000000140000000000299751122029975          2011201800000000000590000000099N0305201822011201800000000000060000000000000000000000000000000000000000000000000000000029975                    3001090090000000000 
1040001300023Q 012008813707000129LUIZ PINTO CONCALVES                    RUA 39 N 198                            SAO CRITOVAO   76380000GOIANESIA      GO0000000000000000                                                                       
1040001300024R 01000000000000000000000000000000000000000000000000220112018000000000000200                                                                                                                                                       
1040001300025P 0101298027300700000000000140000000000299761122029976          2012201800000000000590000000099N0305201822012201800000000000060000000000000000000000000000000000000000000000000000000029976                    3001090090000000000 
1040001300026Q 012008813707000129LUIZ PINTO CONCALVES                    RUA 39 N 198                            SAO CRITOVAO   76380000GOIANESIA      GO0000000000000000                                                                       
1040001300027R 01000000000000000000000000000000000000000000000000220122018000000000000200                                                                                                                                                       
1040001300028P 0101298027300700000000000140000000000299771122029977          2001201900000000000590000000099N0305201822001201900000000000060000000000000000000000000000000000000000000000000000000029977                    3001090090000000000 
1040001300029Q 012008813707000129LUIZ PINTO CONCALVES                    RUA 39 N 198                            SAO CRITOVAO   76380000GOIANESIA      GO0000000000000000                                                                       
1040001300030R 01000000000000000000000000000000000000000000000000220012019000000000000200                                                                                                                                                       
1040001300031P 0101298027300700000000000140000000000299781122029978          2002201900000000000590000000099N0305201822002201900000000000060000000000000000000000000000000000000000000000000000000029978                    3001090090000000000 
1040001300032Q 012008813707000129LUIZ PINTO CONCALVES                    RUA 39 N 198                            SAO CRITOVAO   76380000GOIANESIA      GO0000000000000000                                                                       
1040001300033R 01000000000000000000000000000000000000000000000000220022019000000000000200                                                                                                                                                       
1040001300034P 0101298027300700000000000140000000000299791122029979          2003201900000000000590000000099N0305201822003201900000000000060000000000000000000000000000000000000000000000000000000029979                    3001090090000000000 
1040001300035Q 012008813707000129LUIZ PINTO CONCALVES                    RUA 39 N 198                            SAO CRITOVAO   76380000GOIANESIA      GO0000000000000000                                                                       
1040001300036R 01000000000000000000000000000000000000000000000000220032019000000000000200                                                                                                                                                       
1040001300037P 0101298027300700000000000140000000000299801122029980          2004201900000000000590000000099N0305201822004201900000000000060000000000000000000000000000000000000000000000000000000029980                    3001090090000000000 
1040001300038Q 012008813707000129LUIZ PINTO CONCALVES                    RUA 39 N 198                            SAO CRITOVAO   76380000GOIANESIA      GO0000000000000000                                                                       
1040001300039R 01000000000000000000000000000000000000000000000000220042019000000000000200                                                                                                                                                       
1040001300040P 0101298027300700000000000140000000000299811122029981          2005201900000000000590000000099N0305201822005201900000000000060000000000000000000000000000000000000000000000000000000029981                    3001090090000000000 
1040001300041Q 012008813707000129LUIZ PINTO CONCALVES                    RUA 39 N 198                            SAO CRITOVAO   76380000GOIANESIA      GO0000000000000000                                                                       
1040001300042R 01000000000000000000000000000000000000000000000000220052019000000000000200                                                                                                                                                       
1040001300043P 0101298027300700000000000140000000000299821122029982          1005201800000000007500000000099N0305201821005201800000000000060000000000000000000000000000000000000000000000000000000029982                    3001090090000000000 
1040001300044Q 012009061846000106FENO SERVICOS AGRICOLAS LTDA - ME       CH REGINA CXP 1013                      COLONIA CASTROL84196200CASTRO         PR0000000000000000                                                                       
1040001300045R 01000000000000000000000000000000000000000000000000210052018000000000000200                                                                                                                                                       
1040001300046P 0101298027300700000000000140000000000299831122029983          2505201800000000001770000000099N0305201822505201800000000000060000000000000000000000000000000000000000000000000000000029983                    3001090090000000000 
1040001300047Q 012009061846000106FENO SERVICOS AGRICOLAS LTDA - ME       CH REGINA CXP 1013                      COLONIA CASTROL84196200CASTRO         PR0000000000000000                                                                       
1040001300048R 01000000000000000000000000000000000000000000000000225052018000000000000200                                                                                                                                                       
1040001300049P 0101298027300700000000000140000000000299841122029984          2506201800000000001770000000099N0305201822506201800000000000060000000000000000000000000000000000000000000000000000000029984                    3001090090000000000 
1040001300050Q 012009061846000106FENO SERVICOS AGRICOLAS LTDA - ME       CH REGINA CXP 1013                      COLONIA CASTROL84196200CASTRO         PR0000000000000000                                                                       
1040001300051R 01000000000000000000000000000000000000000000000000225062018000000000000200                                                                                                                                                       
1040001300052P 0101298027300700000000000140000000000299851122029985          2507201800000000001770000000099N0305201822507201800000000000060000000000000000000000000000000000000000000000000000000029985                    3001090090000000000 
1040001300053Q 012009061846000106FENO SERVICOS AGRICOLAS LTDA - ME       CH REGINA CXP 1013                      COLONIA CASTROL84196200CASTRO         PR0000000000000000                                                                       
1040001300054R 01000000000000000000000000000000000000000000000000225072018000000000000200                                                                                                                                                       
1040001300055P 0101298027300700000000000140000000000299861122029986          2508201800000000001770000000099N0305201822508201800000000000060000000000000000000000000000000000000000000000000000000029986                    3001090090000000000 
1040001300056Q 012009061846000106FENO SERVICOS AGRICOLAS LTDA - ME       CH REGINA CXP 1013                      COLONIA CASTROL84196200CASTRO         PR0000000000000000                                                                       
1040001300057R 01000000000000000000000000000000000000000000000000225082018000000000000200                                                                                                                                                       
1040001300058P 0101298027300700000000000140000000000299871122029987          2509201800000000001770000000099N0305201822509201800000000000060000000000000000000000000000000000000000000000000000000029987                    3001090090000000000 
1040001300059Q 012009061846000106FENO SERVICOS AGRICOLAS LTDA - ME       CH REGINA CXP 1013                      COLONIA CASTROL84196200CASTRO         PR0000000000000000                                                                       
1040001300060R 01000000000000000000000000000000000000000000000000225092018000000000000200                                                                                                                                                       
1040001300061P 0101298027300700000000000140000000000299881122029988          2510201800000000001770000000099N0305201822510201800000000000060000000000000000000000000000000000000000000000000000000029988                    3001090090000000000 
1040001300062Q 012009061846000106FENO SERVICOS AGRICOLAS LTDA - ME       CH REGINA CXP 1013                      COLONIA CASTROL84196200CASTRO         PR0000000000000000                                                                       
1040001300063R 01000000000000000000000000000000000000000000000000225102018000000000000200                                                                                                                                                       
1040001300064P 0101298027300700000000000140000000000299891122029989          2511201800000000001770000000099N0305201822511201800000000000060000000000000000000000000000000000000000000000000000000029989                    3001090090000000000 
1040001300065Q 012009061846000106FENO SERVICOS AGRICOLAS LTDA - ME       CH REGINA CXP 1013                      COLONIA CASTROL84196200CASTRO         PR0000000000000000                                                                       
1040001300066R 01000000000000000000000000000000000000000000000000225112018000000000000200                                                                                                                                                       
1040001300067P 0101298027300700000000000140000000000299901122029990          2512201800000000001770000000099N0305201822512201800000000000060000000000000000000000000000000000000000000000000000000029990                    3001090090000000000 
1040001300068Q 012009061846000106FENO SERVICOS AGRICOLAS LTDA - ME       CH REGINA CXP 1013                      COLONIA CASTROL84196200CASTRO         PR0000000000000000                                                                       
1040001300069R 01000000000000000000000000000000000000000000000000225122018000000000000200                                                                                                                                                       
1040001300070P 0101298027300700000000000140000000000299911122029991          2501201900000000001770000000099N0305201822501201900000000000060000000000000000000000000000000000000000000000000000000029991                    3001090090000000000 
1040001300071Q 012009061846000106FENO SERVICOS AGRICOLAS LTDA - ME       CH REGINA CXP 1013                      COLONIA CASTROL84196200CASTRO         PR0000000000000000                                                                       
1040001300072R 01000000000000000000000000000000000000000000000000225012019000000000000200                                                                                                                                                       
1040001300073P 0101298027300700000000000140000000000299921122029992          2502201900000000001770000000099N0305201822502201900000000000060000000000000000000000000000000000000000000000000000000029992                    3001090090000000000 
1040001300074Q 012009061846000106FENO SERVICOS AGRICOLAS LTDA - ME       CH REGINA CXP 1013                      COLONIA CASTROL84196200CASTRO         PR0000000000000000                                                                       
1040001300075R 01000000000000000000000000000000000000000000000000225022019000000000000200                                                                                                                                                       
1040001300076P 0101298027300700000000000140000000000299931122029993          2503201900000000001770000000099N0305201822503201900000000000060000000000000000000000000000000000000000000000000000000029993                    3001090090000000000 
1040001300077Q 012009061846000106FENO SERVICOS AGRICOLAS LTDA - ME       CH REGINA CXP 1013                      COLONIA CASTROL84196200CASTRO         PR0000000000000000                                                                       
1040001300078R 01000000000000000000000000000000000000000000000000225032019000000000000200                                                                                                                                                       
1040001300079P 0101298027300700000000000140000000000299941122029994          2504201900000000001770000000099N0305201822504201900000000000060000000000000000000000000000000000000000000000000000000029994                    3001090090000000000 
1040001300080Q 012009061846000106FENO SERVICOS AGRICOLAS LTDA - ME       CH REGINA CXP 1013                      COLONIA CASTROL84196200CASTRO         PR0000000000000000                                                                       
1040001300081R 01000000000000000000000000000000000000000000000000225042019000000000000200                                                                                                                                                       
10400015         000083000027000000000013820700000000000000000000000000000000000000000000000                                                                                                                                                    
10499999         000001000085                                                                                                                                                                                                                   