10400000         2116559540001590000000000000000000001298027300700000000FEDERAL SISTEMAS              CAIXA ECONOMICA FEDERAL                 12404201808385900007905000000                    REMESSA-PRODUCAO                                 
10400011R0100030 20116559540001592730070000000000000001298027300700000000FEDERAL SISTEMAS                                                                                              000000792404201800000000                                 
1040001300001P 0101298027300700000000000140000000000292931122029293          2204201800000000077616000000099N0604201822204201800000000000060000000000000000000000000000000000000000000000000000000029293                    3001090090000000000 
1040001300002Q 011000001522833404PAULO FERNANDO CAVALCANTE DE MORAIS E OUFAZ BOA ESPERANCA KM5 QD 0 LT 0 N 05    ZONA RURAL     76343000               GO0000000000000000                                                                       
1040001300003R 01000000000000000000000000000000000000000000000000222042018000000000000200                                                                                                                                                       
10400015         000005000001000000000007761600000000000000000000000000000000000000000000000                                                                                                                                                    
10499999         000001000007                                                                                                                                                                                                                   