10400000         2116559540001590000000000000000000001298027300700000000FEDERAL SISTEMAS              CAIXA ECONOMICA FEDERAL                 12305201807270000011105000000                    REMESSA-PRODUCAO                                 
10400011R0100030 20116559540001592730070000000000000001298027300700000000FEDERAL SISTEMAS                                                                                              000001112305201800000000                                 
1040001300001P 0101298027300700000000000140000000000312791122031279          1606201800000000027480000000099N1805201821606201800000000000060000000000000000000000000000000000000000000000000000000031279                    3001029090000000000 
1040001300002Q 012019580176000198IMBATIVEL VIGILANCIA E MONITORAMENTO LTDAV AMAPA                                PRINCESA IZABEL76954000ALTA FLORESTA DRO0000000000000000                                                                       
1040001300003R 01000000000000000000000000000000000000000000000000216062018000000000000200                                                                                                                                                       
10400015         000005000001000000000002748000000000000000000000000000000000000000000000000                                                                                                                                                    
10499999         000001000007                                                                                                                                                                                                                   