10400000         2116559540001590000000000000000000001298027300700000000FEDERAL SISTEMAS              CAIXA ECONOMICA FEDERAL                 11005201811213400009605000000                    REMESSA-PRODUCAO                                 
10400011R0100030 20116559540001592730070000000000000001298027300700000000FEDERAL SISTEMAS                                                                                              000000961005201800000000                                 
1040001300001P 0101298027300700000000000140000000000299961122029996          1005201800000000078470000000099N0405201821005201800000000000060000000000000000000000000000000000000000000000000000000029996                    3001090090000000000 
1040001300002Q 012002635522004930JALLES MACHADO S/A UNIDADE OTAVIO LAGE  RODOVIA GO 338                          ZONA RURAL     76380000GOIANESIA      GO0000000000000000                                                                       
1040001300003R 01000000000000000000000000000000000000000000000000210052018000000000000200                                                                                                                                                       
1040001300004P 0101298027300700000000000140000000000299971122029997          1505201800000000002000000000099N0405201821505201800000000000060000000000000000000000000000000000000000000000000000000029997                    3001090090000000000 
1040001300005Q 012010807374000177BOA SAFRA SEMENTES LTDA                 AV CIRCULAR N 211A                      FORMOSINHA     73813170               GO0000000000000000                                                                       
1040001300006R 01000000000000000000000000000000000000000000000000215052018000000000000200                                                                                                                                                       
1040001300007P 0101298027300700000000000140000000000299981122029998          1505201800000000005000000000099N0405201821505201800000000000060000000000000000000000000000000000000000000000000000000029998                    3001090090000000000 
1040001300008Q 012010760310000168NOBRE ALIMENTOS LTDA                    VIA SECUNDARIA 02 QD 06 LT 3 12127      DAIF           73813000ABADIA DE GOIASGO0000000000000000                                                                       
1040001300009R 01000000000000000000000000000000000000000000000000215052018000000000000200                                                                                                                                                       
1040001300010P 0101298027300700000000000140000000000299991122029999          2705201800000000040120000000099N0405201822705201800000000000060000000000000000000000000000000000000000000000000000000029999                    3001090090000000000 
1040001300011Q 012002199795000134EDMAR VILELA                            AVENIDA INDUSTRIAL N 221                CENTRO         76300000CERES          GO0000000000000000                                                                       
1040001300012R 01000000000000000000000000000000000000000000000000227052018000000000000200                                                                                                                                                       
1040001300013P 0101298027300700000000000140000000000300011122030001          0506201800000000000399000000099N0405201820506201800000000000060000000000000000000000000000000000000000000000000000000030001                    3001090090000000000 
1040001300014Q 011000005393368828GELSON GOULART DA SILVA LIMA            ESTRADA ABADIA DE GOIAS A ARAGOIANIA KM ZONA RURAL     75345000ABADIA DE GOIASGO0000000000000000                                                                       
1040001300015R 01000000000000000000000000000000000000000000000000205062018000000000000200                                                                                                                                                       
1040001300016P 0101298027300700000000000140000000000300021122030002          0507201800000000000399000000099N0405201820507201800000000000060000000000000000000000000000000000000000000000000000000030002                    3001090090000000000 
1040001300017Q 011000005393368828GELSON GOULART DA SILVA LIMA            ESTRADA ABADIA DE GOIAS A ARAGOIANIA KM ZONA RURAL     75345000ABADIA DE GOIASGO0000000000000000                                                                       
1040001300018R 01000000000000000000000000000000000000000000000000205072018000000000000200                                                                                                                                                       
1040001300019P 0101298027300700000000000140000000000300031122030003          0508201800000000000399000000099N0405201820508201800000000000060000000000000000000000000000000000000000000000000000000030003                    3001090090000000000 
1040001300020Q 011000005393368828GELSON GOULART DA SILVA LIMA            ESTRADA ABADIA DE GOIAS A ARAGOIANIA KM ZONA RURAL     75345000ABADIA DE GOIASGO0000000000000000                                                                       
1040001300021R 01000000000000000000000000000000000000000000000000205082018000000000000200                                                                                                                                                       
1040001300022P 0101298027300700000000000140000000000300041122030004          0509201800000000000399000000099N0405201820509201800000000000060000000000000000000000000000000000000000000000000000000030004                    3001090090000000000 
1040001300023Q 011000005393368828GELSON GOULART DA SILVA LIMA            ESTRADA ABADIA DE GOIAS A ARAGOIANIA KM ZONA RURAL     75345000ABADIA DE GOIASGO0000000000000000                                                                       
1040001300024R 01000000000000000000000000000000000000000000000000205092018000000000000200                                                                                                                                                       
1040001300025P 0101298027300700000000000140000000000300051122030005          0510201800000000000399000000099N0405201820510201800000000000060000000000000000000000000000000000000000000000000000000030005                    3001090090000000000 
1040001300026Q 011000005393368828GELSON GOULART DA SILVA LIMA            ESTRADA ABADIA DE GOIAS A ARAGOIANIA KM ZONA RURAL     75345000ABADIA DE GOIASGO0000000000000000                                                                       
1040001300027R 01000000000000000000000000000000000000000000000000205102018000000000000200                                                                                                                                                       
1040001300028P 0101298027300700000000000140000000000300061122030006          0511201800000000000399000000099N0405201820511201800000000000060000000000000000000000000000000000000000000000000000000030006                    3001090090000000000 
1040001300029Q 011000005393368828GELSON GOULART DA SILVA LIMA            ESTRADA ABADIA DE GOIAS A ARAGOIANIA KM ZONA RURAL     75345000ABADIA DE GOIASGO0000000000000000                                                                       
1040001300030R 01000000000000000000000000000000000000000000000000205112018000000000000200                                                                                                                                                       
1040001300031P 0101298027300700000000000140000000000300071122030007          0512201800000000000399000000099N0405201820512201800000000000060000000000000000000000000000000000000000000000000000000030007                    3001090090000000000 
1040001300032Q 011000005393368828GELSON GOULART DA SILVA LIMA            ESTRADA ABADIA DE GOIAS A ARAGOIANIA KM ZONA RURAL     75345000ABADIA DE GOIASGO0000000000000000                                                                       
1040001300033R 01000000000000000000000000000000000000000000000000205122018000000000000200                                                                                                                                                       
1040001300034P 0101298027300700000000000140000000000300081122030008          0501201900000000000399000000099N0405201820501201900000000000060000000000000000000000000000000000000000000000000000000030008                    3001090090000000000 
1040001300035Q 011000005393368828GELSON GOULART DA SILVA LIMA            ESTRADA ABADIA DE GOIAS A ARAGOIANIA KM ZONA RURAL     75345000ABADIA DE GOIASGO0000000000000000                                                                       
1040001300036R 01000000000000000000000000000000000000000000000000205012019000000000000200                                                                                                                                                       
1040001300037P 0101298027300700000000000140000000000300091122030009          0502201900000000000399000000099N0405201820502201900000000000060000000000000000000000000000000000000000000000000000000030009                    3001090090000000000 
1040001300038Q 011000005393368828GELSON GOULART DA SILVA LIMA            ESTRADA ABADIA DE GOIAS A ARAGOIANIA KM ZONA RURAL     75345000ABADIA DE GOIASGO0000000000000000                                                                       
1040001300039R 01000000000000000000000000000000000000000000000000205022019000000000000200                                                                                                                                                       
1040001300040P 0101298027300700000000000140000000000300101122030010          0503201900000000000399000000099N0405201820503201900000000000060000000000000000000000000000000000000000000000000000000030010                    3001090090000000000 
1040001300041Q 011000005393368828GELSON GOULART DA SILVA LIMA            ESTRADA ABADIA DE GOIAS A ARAGOIANIA KM ZONA RURAL     75345000ABADIA DE GOIASGO0000000000000000                                                                       
1040001300042R 01000000000000000000000000000000000000000000000000205032019000000000000200                                                                                                                                                       
1040001300043P 0101298027300700000000000140000000000300111122030011          0504201900000000000399000000099N0405201820504201900000000000060000000000000000000000000000000000000000000000000000000030011                    3001090090000000000 
1040001300044Q 011000005393368828GELSON GOULART DA SILVA LIMA            ESTRADA ABADIA DE GOIAS A ARAGOIANIA KM ZONA RURAL     75345000ABADIA DE GOIASGO0000000000000000                                                                       
1040001300045R 01000000000000000000000000000000000000000000000000205042019000000000000200                                                                                                                                                       
1040001300046P 0101298027300700000000000140000000000300121122030012          0507201800000000000399000000099N0405201820507201800000000000060000000000000000000000000000000000000000000000000000000030012                    3001090090000000000 
1040001300047Q 011000005393368828GELSON GOULART DA SILVA LIMA            ESTRADA ABADIA DE GOIAS A ARAGOIANIA KM ZONA RURAL     75345000ABADIA DE GOIASGO0000000000000000                                                                       
1040001300048R 01000000000000000000000000000000000000000000000000205072018000000000000200                                                                                                                                                       
1040001300049P 0101298027300700000000000140000000000300131122030013          0508201800000000000399000000099N0405201820508201800000000000060000000000000000000000000000000000000000000000000000000030013                    3001090090000000000 
1040001300050Q 011000005393368828GELSON GOULART DA SILVA LIMA            ESTRADA ABADIA DE GOIAS A ARAGOIANIA KM ZONA RURAL     75345000ABADIA DE GOIASGO0000000000000000                                                                       
1040001300051R 01000000000000000000000000000000000000000000000000205082018000000000000200                                                                                                                                                       
1040001300052P 0101298027300700000000000140000000000300141122030014          0509201800000000000399000000099N0405201820509201800000000000060000000000000000000000000000000000000000000000000000000030014                    3001090090000000000 
1040001300053Q 011000005393368828GELSON GOULART DA SILVA LIMA            ESTRADA ABADIA DE GOIAS A ARAGOIANIA KM ZONA RURAL     75345000ABADIA DE GOIASGO0000000000000000                                                                       
1040001300054R 01000000000000000000000000000000000000000000000000205092018000000000000200                                                                                                                                                       
1040001300055P 0101298027300700000000000140000000000300151122030015          0510201800000000000399000000099N0405201820510201800000000000060000000000000000000000000000000000000000000000000000000030015                    3001090090000000000 
1040001300056Q 011000005393368828GELSON GOULART DA SILVA LIMA            ESTRADA ABADIA DE GOIAS A ARAGOIANIA KM ZONA RURAL     75345000ABADIA DE GOIASGO0000000000000000                                                                       
1040001300057R 01000000000000000000000000000000000000000000000000205102018000000000000200                                                                                                                                                       
1040001300058P 0101298027300700000000000140000000000300161122030016          0511201800000000000399000000099N0405201820511201800000000000060000000000000000000000000000000000000000000000000000000030016                    3001090090000000000 
1040001300059Q 011000005393368828GELSON GOULART DA SILVA LIMA            ESTRADA ABADIA DE GOIAS A ARAGOIANIA KM ZONA RURAL     75345000ABADIA DE GOIASGO0000000000000000                                                                       
1040001300060R 01000000000000000000000000000000000000000000000000205112018000000000000200                                                                                                                                                       
1040001300061P 0101298027300700000000000140000000000300171122030017          0512201800000000000399000000099N0405201820512201800000000000060000000000000000000000000000000000000000000000000000000030017                    3001090090000000000 
1040001300062Q 011000005393368828GELSON GOULART DA SILVA LIMA            ESTRADA ABADIA DE GOIAS A ARAGOIANIA KM ZONA RURAL     75345000ABADIA DE GOIASGO0000000000000000                                                                       
1040001300063R 01000000000000000000000000000000000000000000000000205122018000000000000200                                                                                                                                                       
1040001300064P 0101298027300700000000000140000000000300181122030018          0501201900000000000399000000099N0405201820501201900000000000060000000000000000000000000000000000000000000000000000000030018                    3001090090000000000 
1040001300065Q 011000005393368828GELSON GOULART DA SILVA LIMA            ESTRADA ABADIA DE GOIAS A ARAGOIANIA KM ZONA RURAL     75345000ABADIA DE GOIASGO0000000000000000                                                                       
1040001300066R 01000000000000000000000000000000000000000000000000205012019000000000000200                                                                                                                                                       
1040001300067P 0101298027300700000000000140000000000300191122030019          0502201900000000000399000000099N0405201820502201900000000000060000000000000000000000000000000000000000000000000000000030019                    3001090090000000000 
1040001300068Q 011000005393368828GELSON GOULART DA SILVA LIMA            ESTRADA ABADIA DE GOIAS A ARAGOIANIA KM ZONA RURAL     75345000ABADIA DE GOIASGO0000000000000000                                                                       
1040001300069R 01000000000000000000000000000000000000000000000000205022019000000000000200                                                                                                                                                       
1040001300070P 0101298027300700000000000140000000000300201122030020          0503201900000000000399000000099N0405201820503201900000000000060000000000000000000000000000000000000000000000000000000030020                    3001090090000000000 
1040001300071Q 011000005393368828GELSON GOULART DA SILVA LIMA            ESTRADA ABADIA DE GOIAS A ARAGOIANIA KM ZONA RURAL     75345000ABADIA DE GOIASGO0000000000000000                                                                       
1040001300072R 01000000000000000000000000000000000000000000000000205032019000000000000200                                                                                                                                                       
1040001300073P 0101298027300700000000000140000000000300211122030021          0504201900000000000399000000099N0405201820504201900000000000060000000000000000000000000000000000000000000000000000000030021                    3001090090000000000 
1040001300074Q 011000005393368828GELSON GOULART DA SILVA LIMA            ESTRADA ABADIA DE GOIAS A ARAGOIANIA KM ZONA RURAL     75345000ABADIA DE GOIASGO0000000000000000                                                                       
1040001300075R 01000000000000000000000000000000000000000000000000205042019000000000000200                                                                                                                                                       
1040001300076P 0101298027300700000000000140000000000300221122030022          0505201900000000000399000000099N0405201820505201900000000000060000000000000000000000000000000000000000000000000000000030022                    3001090090000000000 
1040001300077Q 011000005393368828GELSON GOULART DA SILVA LIMA            ESTRADA ABADIA DE GOIAS A ARAGOIANIA KM ZONA RURAL     75345000ABADIA DE GOIASGO0000000000000000                                                                       
1040001300078R 01000000000000000000000000000000000000000000000000205052019000000000000200                                                                                                                                                       
1040001300079P 0101298027300700000000000140000000000300231122030023          0506201900000000000399000000099N0405201820506201900000000000060000000000000000000000000000000000000000000000000000000030023                    3001090090000000000 
1040001300080Q 011000005393368828GELSON GOULART DA SILVA LIMA            ESTRADA ABADIA DE GOIAS A ARAGOIANIA KM ZONA RURAL     75345000ABADIA DE GOIASGO0000000000000000                                                                       
1040001300081R 01000000000000000000000000000000000000000000000000205062019000000000000200                                                                                                                                                       
1040001300082P 0101298027300700000000000140000000000300241122030024          0507201800000000002793000000099N0405201820507201800000000000060000000000000000000000000000000000000000000000000000000030024                    3001090090000000000 
1040001300083Q 011000005393368828GELSON GOULART DA SILVA LIMA            ESTRADA ABADIA DE GOIAS A ARAGOIANIA KM ZONA RURAL     75345000ABADIA DE GOIASGO0000000000000000                                                                       
1040001300084R 01000000000000000000000000000000000000000000000000205072018000000000000200                                                                                                                                                       
1040001300085P 0101298027300700000000000140000000000300251122030025          0508201800000000002793000000099N0405201820508201800000000000060000000000000000000000000000000000000000000000000000000030025                    3001090090000000000 
1040001300086Q 011000005393368828GELSON GOULART DA SILVA LIMA            ESTRADA ABADIA DE GOIAS A ARAGOIANIA KM ZONA RURAL     75345000ABADIA DE GOIASGO0000000000000000                                                                       
1040001300087R 01000000000000000000000000000000000000000000000000205082018000000000000200                                                                                                                                                       
1040001300088P 0101298027300700000000000140000000000300261122030026          0509201800000000002793000000099N0405201820509201800000000000060000000000000000000000000000000000000000000000000000000030026                    3001090090000000000 
1040001300089Q 011000005393368828GELSON GOULART DA SILVA LIMA            ESTRADA ABADIA DE GOIAS A ARAGOIANIA KM ZONA RURAL     75345000ABADIA DE GOIASGO0000000000000000                                                                       
1040001300090R 01000000000000000000000000000000000000000000000000205092018000000000000200                                                                                                                                                       
1040001300091P 0101298027300700000000000140000000000300271122030027          0510201800000000002793000000099N0405201820510201800000000000060000000000000000000000000000000000000000000000000000000030027                    3001090090000000000 
1040001300092Q 011000005393368828GELSON GOULART DA SILVA LIMA            ESTRADA ABADIA DE GOIAS A ARAGOIANIA KM ZONA RURAL     75345000ABADIA DE GOIASGO0000000000000000                                                                       
1040001300093R 01000000000000000000000000000000000000000000000000205102018000000000000200                                                                                                                                                       
1040001300094P 0101298027300700000000000140000000000300281122030028          0511201800000000002793000000099N0405201820511201800000000000060000000000000000000000000000000000000000000000000000000030028                    3001090090000000000 
1040001300095Q 011000005393368828GELSON GOULART DA SILVA LIMA            ESTRADA ABADIA DE GOIAS A ARAGOIANIA KM ZONA RURAL     75345000ABADIA DE GOIASGO0000000000000000                                                                       
1040001300096R 01000000000000000000000000000000000000000000000000205112018000000000000200                                                                                                                                                       
1040001300097P 0101298027300700000000000140000000000300291122030029          0512201800000000002793000000099N0405201820512201800000000000060000000000000000000000000000000000000000000000000000000030029                    3001090090000000000 
1040001300098Q 011000005393368828GELSON GOULART DA SILVA LIMA            ESTRADA ABADIA DE GOIAS A ARAGOIANIA KM ZONA RURAL     75345000ABADIA DE GOIASGO0000000000000000                                                                       
1040001300099R 01000000000000000000000000000000000000000000000000205122018000000000000200                                                                                                                                                       
1040001300100P 0101298027300700000000000140000000000300301122030030          0501201900000000002793000000099N0405201820501201900000000000060000000000000000000000000000000000000000000000000000000030030                    3001090090000000000 
1040001300101Q 011000005393368828GELSON GOULART DA SILVA LIMA            ESTRADA ABADIA DE GOIAS A ARAGOIANIA KM ZONA RURAL     75345000ABADIA DE GOIASGO0000000000000000                                                                       
1040001300102R 01000000000000000000000000000000000000000000000000205012019000000000000200                                                                                                                                                       
1040001300103P 0101298027300700000000000140000000000300311122030031          0502201900000000002793000000099N0405201820502201900000000000060000000000000000000000000000000000000000000000000000000030031                    3001090090000000000 
1040001300104Q 011000005393368828GELSON GOULART DA SILVA LIMA            ESTRADA ABADIA DE GOIAS A ARAGOIANIA KM ZONA RURAL     75345000ABADIA DE GOIASGO0000000000000000                                                                       
1040001300105R 01000000000000000000000000000000000000000000000000205022019000000000000200                                                                                                                                                       
1040001300106P 0101298027300700000000000140000000000300321122030032          0503201900000000002793000000099N0405201820503201900000000000060000000000000000000000000000000000000000000000000000000030032                    3001090090000000000 
1040001300107Q 011000005393368828GELSON GOULART DA SILVA LIMA            ESTRADA ABADIA DE GOIAS A ARAGOIANIA KM ZONA RURAL     75345000ABADIA DE GOIASGO0000000000000000                                                                       
1040001300108R 01000000000000000000000000000000000000000000000000205032019000000000000200                                                                                                                                                       
1040001300109P 0101298027300700000000000140000000000300331122030033          0504201900000000002793000000099N0405201820504201900000000000060000000000000000000000000000000000000000000000000000000030033                    3001090090000000000 
1040001300110Q 011000005393368828GELSON GOULART DA SILVA LIMA            ESTRADA ABADIA DE GOIAS A ARAGOIANIA KM ZONA RURAL     75345000ABADIA DE GOIASGO0000000000000000                                                                       
1040001300111R 01000000000000000000000000000000000000000000000000205042019000000000000200                                                                                                                                                       
1040001300112P 0101298027300700000000000140000000000300341122030034          0505201900000000002793000000099N0405201820505201900000000000060000000000000000000000000000000000000000000000000000000030034                    3001090090000000000 
1040001300113Q 011000005393368828GELSON GOULART DA SILVA LIMA            ESTRADA ABADIA DE GOIAS A ARAGOIANIA KM ZONA RURAL     75345000ABADIA DE GOIASGO0000000000000000                                                                       
1040001300114R 01000000000000000000000000000000000000000000000000205052019000000000000200                                                                                                                                                       
1040001300115P 0101298027300700000000000140000000000300351122030035          0506201900000000002793000000099N0405201820506201900000000000060000000000000000000000000000000000000000000000000000000030035                    3001090090000000000 
1040001300116Q 011000005393368828GELSON GOULART DA SILVA LIMA            ESTRADA ABADIA DE GOIAS A ARAGOIANIA KM ZONA RURAL     75345000ABADIA DE GOIASGO0000000000000000                                                                       
1040001300117R 01000000000000000000000000000000000000000000000000205062019000000000000200                                                                                                                                                       
1040001300118P 0101298027300700000000000140000000000300361122030036          1505201800000000019470000000099N0405201821505201800000000000060000000000000000000000000000000000000000000000000000000030036                    3001090090000000000 
1040001300119Q 012089723977008800TONIOLO BUSNELLO SA - TUNEIS TERR E PAVIRODOVIA GO 154 SEM NUMERO               ZONA RURAL     76370000ABADIA DE GOIASGO0000000000000000                                                                       
1040001300120R 01000000000000000000000000000000000000000000000000215052018000000000000200                                                                                                                                                       
1040001300121P 0101298027300700000000000140000000000300371122030037          1505201800000000051660000000099N0405201821505201800000000000060000000000000000000000000000000000000000000000000000000030037                    3001090090000000000 
1040001300122Q 012002460988000105USINA GOIANESIA SA                      RODOVIA GO 438 KM 12                    ZONA RURAL     76380000GOIANESIA      GO0000000000000000                                                                       
1040001300123R 01000000000000000000000000000000000000000000000000215052018000000000000200                                                                                                                                                       
10400015         000125000041000000000023941300000000000000000000000000000000000000000000000                                                                                                                                                    
10499999         000001000127                                                                                                                                                                                                                   