10400000         2116559540001590000000000000000000001298027300700000000FEDERAL SISTEMAS              CAIXA ECONOMICA FEDERAL                 11009201811085400016305000000                    REMESSA-PRODUCAO                                 
10400011R0100030 20116559540001592730070000000000000001298027300700000000FEDERAL SISTEMAS                                                                                              000001631009201800000000                                 
1040001300001P 0101298027300700000000000140000000000369991122036999          2009201800000000028782500000099N1009201822009201800000000000060000000000000000000000000000000000000000000000000000000036999                    3001029090000000000 
1040001300002Q 012015686018000166SRS TECNOLOGIA E SEGURANCA-SAMUEL       AV. PRESIDENTE VARGAS                   CENTRO         76300000CERES          GO0000000000000000                                                                       
1040001300003R 01000000000000000000000000000000000000000000000000220092018000000000000200                                                                                                                                                       
10400015         000005000001000000000002878250000000000000000000000000000000000000000000000                                                                                                                                                    
10499999         000001000007                                                                                                                                                                                                                   