10400000         2116559540001590000000000000000000001298027300700000000FEDERAL SISTEMAS              CAIXA ECONOMICA FEDERAL                 11403201809441100003905000000                    REMESSA-PRODUCAO                                 
10400011R0100030 20116559540001592730070000000000000001298027300700000000FEDERAL SISTEMAS                                                                                              000000391403201800000000                                 
1040001300001P 0101298027300700000000000140000000000276751122027675          1403201800000000000100000000099N1403201821403201800000000000000200000000000000000000000000000000000000000000000000000027675                    3001030090000000000 
1040001300002Q 011000004317159120LOURIVAL MARQUES SOUSA JUNIOR           RUA PIAUI QD SW04                       AURENY I       77060110PALMAS         TO0000000000000000                                                                       
1040001300003R 01000000000000000000000000000000000000000000000000214032018000000000000200                                                                                                                                                       
10400015         000005000001000000000000010000000000000000000000000000000000000000000000000                                                                                                                                                    
10499999         000001000007                                                                                                                                                                                                                   