10400000         2116559540001590000000000000000000001298027300700000000FEDERAL SISTEMAS              CAIXA ECONOMICA FEDERAL                 11408201808513500015805000000                    REMESSA-PRODUCAO                                 
10400011R0100030 20116559540001592730070000000000000001298027300700000000FEDERAL SISTEMAS                                                                                              000001581408201800000000                                 
1040001300001P 0101298027300700000000000140000000000341971122034197          1508201800000000058410000000099N0108201821508201800000000000060000000000000000000000000000000000000000000000000000000034197                    3001029090000000000 
1040001300002Q 012002460988000105USINA GOIANESIA SA                      AV. PRESIDENTE VARGAS                   CENTRO         76300000CERES          GO0000000000000000                                                                       
1040001300003R 01000000000000000000000000000000000000000000000000215082018000000000000200                                                                                                                                                       
10400015         000005000001000000000005841000000000000000000000000000000000000000000000000                                                                                                                                                    
10499999         000001000007                                                                                                                                                                                                                   