10400000         2116559540001590000000000000000000001298027300700000000FEDERAL SISTEMAS              CAIXA ECONOMICA FEDERAL                 12305201807281900011205000000                    REMESSA-PRODUCAO                                 
10400011R0100030 20116559540001592730070000000000000001298027300700000000FEDERAL SISTEMAS                                                                                              000001122305201800000000                                 
1040001300001P 0101298027300700000000000140000000000312801122031280          3105201800000000081597000000099N2105201823105201800000000000060000000000000000000000000000000000000000000000000000000031280                    3001029090000000000 
1040001300002Q 012002635522004930JALLES MACHADO S/A UNIDADE OTAVIO LAGE  RODOVIA GO 338                          ZONA RURAL     76380000GOIANESIA      GO0000000000000000                                                                       
1040001300003R 01000000000000000000000000000000000000000000000000231052018000000000000200                                                                                                                                                       
1040001300004P 0101298027300700000000000140000000000312811122031281          2006201800000000002396000000099N2105201822006201800000000000060000000000000000000000000000000000000000000000000000000031281                    3001029090000000000 
1040001300005Q 012002685006000175VERA CRUZ AGRO PECUARIA LTDA            ROD GO 080                              ZONA RURAL     76388899GOIANESIA      GO0000000000000000                                                                       
1040001300006R 01000000000000000000000000000000000000000000000000220062018000000000000200                                                                                                                                                       
1040001300007P 0101298027300700000000000140000000000312821122031282          2007201800000000002396000000099N2105201822007201800000000000060000000000000000000000000000000000000000000000000000000031282                    3001029090000000000 
1040001300008Q 012002685006000175VERA CRUZ AGRO PECUARIA LTDA            ROD GO 080                              ZONA RURAL     76388899GOIANESIA      GO0000000000000000                                                                       
1040001300009R 01000000000000000000000000000000000000000000000000220072018000000000000200                                                                                                                                                       
1040001300010P 0101298027300700000000000140000000000312831122031283          2008201800000000002396000000099N2105201822008201800000000000060000000000000000000000000000000000000000000000000000000031283                    3001029090000000000 
1040001300011Q 012002685006000175VERA CRUZ AGRO PECUARIA LTDA            ROD GO 080                              ZONA RURAL     76388899GOIANESIA      GO0000000000000000                                                                       
1040001300012R 01000000000000000000000000000000000000000000000000220082018000000000000200                                                                                                                                                       
1040001300013P 0101298027300700000000000140000000000312841122031284          2009201800000000002396000000099N2105201822009201800000000000060000000000000000000000000000000000000000000000000000000031284                    3001029090000000000 
1040001300014Q 012002685006000175VERA CRUZ AGRO PECUARIA LTDA            ROD GO 080                              ZONA RURAL     76388899GOIANESIA      GO0000000000000000                                                                       
1040001300015R 01000000000000000000000000000000000000000000000000220092018000000000000200                                                                                                                                                       
1040001300016P 0101298027300700000000000140000000000312851122031285          2010201800000000002396000000099N2105201822010201800000000000060000000000000000000000000000000000000000000000000000000031285                    3001029090000000000 
1040001300017Q 012002685006000175VERA CRUZ AGRO PECUARIA LTDA            ROD GO 080                              ZONA RURAL     76388899GOIANESIA      GO0000000000000000                                                                       
1040001300018R 01000000000000000000000000000000000000000000000000220102018000000000000200                                                                                                                                                       
1040001300019P 0101298027300700000000000140000000000312861122031286          2011201800000000002396000000099N2105201822011201800000000000060000000000000000000000000000000000000000000000000000000031286                    3001029090000000000 
1040001300020Q 012002685006000175VERA CRUZ AGRO PECUARIA LTDA            ROD GO 080                              ZONA RURAL     76388899GOIANESIA      GO0000000000000000                                                                       
1040001300021R 01000000000000000000000000000000000000000000000000220112018000000000000200                                                                                                                                                       
1040001300022P 0101298027300700000000000140000000000312871122031287          2012201800000000002396000000099N2105201822012201800000000000060000000000000000000000000000000000000000000000000000000031287                    3001029090000000000 
1040001300023Q 012002685006000175VERA CRUZ AGRO PECUARIA LTDA            ROD GO 080                              ZONA RURAL     76388899GOIANESIA      GO0000000000000000                                                                       
1040001300024R 01000000000000000000000000000000000000000000000000220122018000000000000200                                                                                                                                                       
1040001300025P 0101298027300700000000000140000000000312881122031288          2001201900000000002396000000099N2105201822001201900000000000060000000000000000000000000000000000000000000000000000000031288                    3001029090000000000 
1040001300026Q 012002685006000175VERA CRUZ AGRO PECUARIA LTDA            ROD GO 080                              ZONA RURAL     76388899GOIANESIA      GO0000000000000000                                                                       
1040001300027R 01000000000000000000000000000000000000000000000000220012019000000000000200                                                                                                                                                       
1040001300028P 0101298027300700000000000140000000000312891122031289          2002201900000000002396000000099N2105201822002201900000000000060000000000000000000000000000000000000000000000000000000031289                    3001029090000000000 
1040001300029Q 012002685006000175VERA CRUZ AGRO PECUARIA LTDA            ROD GO 080                              ZONA RURAL     76388899GOIANESIA      GO0000000000000000                                                                       
1040001300030R 01000000000000000000000000000000000000000000000000220022019000000000000200                                                                                                                                                       
1040001300031P 0101298027300700000000000140000000000312901122031290          2003201900000000002396000000099N2105201822003201900000000000060000000000000000000000000000000000000000000000000000000031290                    3001029090000000000 
1040001300032Q 012002685006000175VERA CRUZ AGRO PECUARIA LTDA            ROD GO 080                              ZONA RURAL     76388899GOIANESIA      GO0000000000000000                                                                       
1040001300033R 01000000000000000000000000000000000000000000000000220032019000000000000200                                                                                                                                                       
1040001300034P 0101298027300700000000000140000000000312911122031291          2004201900000000002396000000099N2105201822004201900000000000060000000000000000000000000000000000000000000000000000000031291                    3001029090000000000 
1040001300035Q 012002685006000175VERA CRUZ AGRO PECUARIA LTDA            ROD GO 080                              ZONA RURAL     76388899GOIANESIA      GO0000000000000000                                                                       
1040001300036R 01000000000000000000000000000000000000000000000000220042019000000000000200                                                                                                                                                       
1040001300037P 0101298027300700000000000140000000000312921122031292          2005201900000000002396000000099N2105201822005201900000000000060000000000000000000000000000000000000000000000000000000031292                    3001029090000000000 
1040001300038Q 012002685006000175VERA CRUZ AGRO PECUARIA LTDA            ROD GO 080                              ZONA RURAL     76388899GOIANESIA      GO0000000000000000                                                                       
1040001300039R 01000000000000000000000000000000000000000000000000220052019000000000000200                                                                                                                                                       
10400015         000041000013000000000011034900000000000000000000000000000000000000000000000                                                                                                                                                    
10499999         000001000043                                                                                                                                                                                                                   