10400000         2116559540001590000000000000000000001298027300700000000FEDERAL SISTEMAS              CAIXA ECONOMICA FEDERAL                 11005201811151100009405000000                    REMESSA-PRODUCAO                                 
10400011R0100030 20116559540001592730070000000000000001298027300700000000FEDERAL SISTEMAS                                                                                              000000941005201800000000                                 
1040001300001P 0101298027300700000000000140000000000298461122029846          0705201800000000010000000000099N0205201820705201800000000000060000000000000000000000000000000000000000000000000000000029846                    3001090090000000000 
1040001300002Q 012023034774000139RONDOMAK SERVICOS E LOCACAO - EIRELI - EMARG DA GO 070                          DISTRITO AGROIN75450000ITAUCU        GO0000000000000000                                                                       0
1040001300003R 01000000000000000000000000000000000000000000000000207052018000000000000200                                                                                                                                                       
1040001300004P 0101298027300700000000000140000000000298471122029847          1006201800000000002360000000099N0205201821006201800000000000060000000000000000000000000000000000000000000000000000000029847                    3001090090000000000 
1040001300005Q 012023034774000139RONDOMAK SERVICOS E LOCACAO - EIRELI - EMARG DA GO 070                          DISTRITO AGROIN75450000ITAUCU        GO0000000000000000                                                                       0
1040001300006R 01000000000000000000000000000000000000000000000000210062018000000000000200                                                                                                                                                       
1040001300007P 0101298027300700000000000140000000000298481122029848          1007201800000000002360000000099N0205201821007201800000000000060000000000000000000000000000000000000000000000000000000029848                    3001090090000000000 
1040001300008Q 012023034774000139RONDOMAK SERVICOS E LOCACAO - EIRELI - EMARG DA GO 070                          DISTRITO AGROIN75450000ITAUCU        GO0000000000000000                                                                       0
1040001300009R 01000000000000000000000000000000000000000000000000210072018000000000000200                                                                                                                                                       
1040001300010P 0101298027300700000000000140000000000298491122029849          1008201800000000002360000000099N0205201821008201800000000000060000000000000000000000000000000000000000000000000000000029849                    3001090090000000000 
1040001300011Q 012023034774000139RONDOMAK SERVICOS E LOCACAO - EIRELI - EMARG DA GO 070                          DISTRITO AGROIN75450000ITAUCU        GO0000000000000000                                                                       0
1040001300012R 01000000000000000000000000000000000000000000000000210082018000000000000200                                                                                                                                                       
1040001300013P 0101298027300700000000000140000000000298501122029850          1009201800000000002360000000099N0205201821009201800000000000060000000000000000000000000000000000000000000000000000000029850                    3001090090000000000 
1040001300014Q 012023034774000139RONDOMAK SERVICOS E LOCACAO - EIRELI - EMARG DA GO 070                          DISTRITO AGROIN75450000ITAUCU        GO0000000000000000                                                                       0
1040001300015R 01000000000000000000000000000000000000000000000000210092018000000000000200                                                                                                                                                       
1040001300016P 0101298027300700000000000140000000000298511122029851          1010201800000000002360000000099N0205201821010201800000000000060000000000000000000000000000000000000000000000000000000029851                    3001090090000000000 
1040001300017Q 012023034774000139RONDOMAK SERVICOS E LOCACAO - EIRELI - EMARG DA GO 070                          DISTRITO AGROIN75450000ITAUCU        GO0000000000000000                                                                       0
1040001300018R 01000000000000000000000000000000000000000000000000210102018000000000000200                                                                                                                                                       
1040001300019P 0101298027300700000000000140000000000298521122029852          1011201800000000002360000000099N0205201821011201800000000000060000000000000000000000000000000000000000000000000000000029852                    3001090090000000000 
1040001300020Q 012023034774000139RONDOMAK SERVICOS E LOCACAO - EIRELI - EMARG DA GO 070                          DISTRITO AGROIN75450000ITAUCU        GO0000000000000000                                                                       0
1040001300021R 01000000000000000000000000000000000000000000000000210112018000000000000200                                                                                                                                                       
1040001300022P 0101298027300700000000000140000000000298531122029853          1012201800000000002360000000099N0205201821012201800000000000060000000000000000000000000000000000000000000000000000000029853                    3001090090000000000 
1040001300023Q 012023034774000139RONDOMAK SERVICOS E LOCACAO - EIRELI - EMARG DA GO 070                          DISTRITO AGROIN75450000ITAUCU        GO0000000000000000                                                                       0
1040001300024R 01000000000000000000000000000000000000000000000000210122018000000000000200                                                                                                                                                       
1040001300025P 0101298027300700000000000140000000000298541122029854          1001201900000000002360000000099N0205201821001201900000000000060000000000000000000000000000000000000000000000000000000029854                    3001090090000000000 
1040001300026Q 012023034774000139RONDOMAK SERVICOS E LOCACAO - EIRELI - EMARG DA GO 070                          DISTRITO AGROIN75450000ITAUCU        GO0000000000000000                                                                       0
1040001300027R 01000000000000000000000000000000000000000000000000210012019000000000000200                                                                                                                                                       
1040001300028P 0101298027300700000000000140000000000298551122029855          1002201900000000002360000000099N0205201821002201900000000000060000000000000000000000000000000000000000000000000000000029855                    3001090090000000000 
1040001300029Q 012023034774000139RONDOMAK SERVICOS E LOCACAO - EIRELI - EMARG DA GO 070                          DISTRITO AGROIN75450000ITAUCU        GO0000000000000000                                                                       0
1040001300030R 01000000000000000000000000000000000000000000000000210022019000000000000200                                                                                                                                                       
1040001300031P 0101298027300700000000000140000000000298561122029856          1003201900000000002360000000099N0205201821003201900000000000060000000000000000000000000000000000000000000000000000000029856                    3001090090000000000 
1040001300032Q 012023034774000139RONDOMAK SERVICOS E LOCACAO - EIRELI - EMARG DA GO 070                          DISTRITO AGROIN75450000ITAUCU        GO0000000000000000                                                                       0
1040001300033R 01000000000000000000000000000000000000000000000000210032019000000000000200                                                                                                                                                       
1040001300034P 0101298027300700000000000140000000000298571122029857          1004201900000000002360000000099N0205201821004201900000000000060000000000000000000000000000000000000000000000000000000029857                    3001090090000000000 
1040001300035Q 012023034774000139RONDOMAK SERVICOS E LOCACAO - EIRELI - EMARG DA GO 070                          DISTRITO AGROIN75450000ITAUCU        GO0000000000000000                                                                       0
1040001300036R 01000000000000000000000000000000000000000000000000210042019000000000000200                                                                                                                                                       
1040001300037P 0101298027300700000000000140000000000298581122029858          1005201900000000002360000000099N0205201821005201900000000000060000000000000000000000000000000000000000000000000000000029858                    3001090090000000000 
1040001300038Q 012023034774000139RONDOMAK SERVICOS E LOCACAO - EIRELI - EMARG DA GO 070                          DISTRITO AGROIN75450000ITAUCU        GO0000000000000000                                                                       0
1040001300039R 01000000000000000000000000000000000000000000000000210052019000000000000200                                                                                                                                                       
1040001300040P 0101298027300700000000000140000000000298601122029860          2001201800000000000590000000099N0205201822001201800000000000060000000000000000000000000000000000000000000000000000000029860                    3001090090000000000 
1040001300041Q 011000000000000000GEOVANY DE OLIVEIRA LEAO                RUA 15 N 458 ENTRE AS RUAS 10 E 12      UNIVERSITARIO  76380000GOIANESIA      GO0000000000000000                                                                       
1040001300042R 01000000000000000000000000000000000000000000000000220012018000000000000200                                                                                                                                                       
1040001300043P 0101298027300700000000000140000000000298611122029861          2002201800000000000590000000099N0205201822002201800000000000060000000000000000000000000000000000000000000000000000000029861                    3001090090000000000 
1040001300044Q 011000000000000000GEOVANY DE OLIVEIRA LEAO                RUA 15 N 458 ENTRE AS RUAS 10 E 12      UNIVERSITARIO  76380000GOIANESIA      GO0000000000000000                                                                       
1040001300045R 01000000000000000000000000000000000000000000000000220022018000000000000200                                                                                                                                                       
1040001300046P 0101298027300700000000000140000000000298621122029862          2003201800000000000590000000099N0205201822003201800000000000060000000000000000000000000000000000000000000000000000000029862                    3001090090000000000 
1040001300047Q 011000000000000000GEOVANY DE OLIVEIRA LEAO                RUA 15 N 458 ENTRE AS RUAS 10 E 12      UNIVERSITARIO  76380000GOIANESIA      GO0000000000000000                                                                       
1040001300048R 01000000000000000000000000000000000000000000000000220032018000000000000200                                                                                                                                                       
1040001300049P 0101298027300700000000000140000000000298631122029863          2004201800000000000590000000099N0205201822004201800000000000060000000000000000000000000000000000000000000000000000000029863                    3001090090000000000 
1040001300050Q 011000000000000000GEOVANY DE OLIVEIRA LEAO                RUA 15 N 458 ENTRE AS RUAS 10 E 12      UNIVERSITARIO  76380000GOIANESIA      GO0000000000000000                                                                       
1040001300051R 01000000000000000000000000000000000000000000000000220042018000000000000200                                                                                                                                                       
1040001300052P 0101298027300700000000000140000000000298641122029864          2005201800000000000590000000099N0205201822005201800000000000060000000000000000000000000000000000000000000000000000000029864                    3001090090000000000 
1040001300053Q 011000000000000000GEOVANY DE OLIVEIRA LEAO                RUA 15 N 458 ENTRE AS RUAS 10 E 12      UNIVERSITARIO  76380000GOIANESIA      GO0000000000000000                                                                       
1040001300054R 01000000000000000000000000000000000000000000000000220052018000000000000200                                                                                                                                                       
1040001300055P 0101298027300700000000000140000000000298651122029865          2006201800000000000590000000099N0205201822006201800000000000060000000000000000000000000000000000000000000000000000000029865                    3001090090000000000 
1040001300056Q 011000000000000000GEOVANY DE OLIVEIRA LEAO                RUA 15 N 458 ENTRE AS RUAS 10 E 12      UNIVERSITARIO  76380000GOIANESIA      GO0000000000000000                                                                       
1040001300057R 01000000000000000000000000000000000000000000000000220062018000000000000200                                                                                                                                                       
1040001300058P 0101298027300700000000000140000000000298661122029866          2007201800000000000590000000099N0205201822007201800000000000060000000000000000000000000000000000000000000000000000000029866                    3001090090000000000 
1040001300059Q 011000000000000000GEOVANY DE OLIVEIRA LEAO                RUA 15 N 458 ENTRE AS RUAS 10 E 12      UNIVERSITARIO  76380000GOIANESIA      GO0000000000000000                                                                       
1040001300060R 01000000000000000000000000000000000000000000000000220072018000000000000200                                                                                                                                                       
1040001300061P 0101298027300700000000000140000000000298671122029867          2008201800000000000590000000099N0205201822008201800000000000060000000000000000000000000000000000000000000000000000000029867                    3001090090000000000 
1040001300062Q 011000000000000000GEOVANY DE OLIVEIRA LEAO                RUA 15 N 458 ENTRE AS RUAS 10 E 12      UNIVERSITARIO  76380000GOIANESIA      GO0000000000000000                                                                       
1040001300063R 01000000000000000000000000000000000000000000000000220082018000000000000200                                                                                                                                                       
1040001300064P 0101298027300700000000000140000000000298681122029868          2009201800000000000590000000099N0205201822009201800000000000060000000000000000000000000000000000000000000000000000000029868                    3001090090000000000 
1040001300065Q 011000000000000000GEOVANY DE OLIVEIRA LEAO                RUA 15 N 458 ENTRE AS RUAS 10 E 12      UNIVERSITARIO  76380000GOIANESIA      GO0000000000000000                                                                       
1040001300066R 01000000000000000000000000000000000000000000000000220092018000000000000200                                                                                                                                                       
1040001300067P 0101298027300700000000000140000000000298691122029869          2010201800000000000590000000099N0205201822010201800000000000060000000000000000000000000000000000000000000000000000000029869                    3001090090000000000 
1040001300068Q 011000000000000000GEOVANY DE OLIVEIRA LEAO                RUA 15 N 458 ENTRE AS RUAS 10 E 12      UNIVERSITARIO  76380000GOIANESIA      GO0000000000000000                                                                       
1040001300069R 01000000000000000000000000000000000000000000000000220102018000000000000200                                                                                                                                                       
1040001300070P 0101298027300700000000000140000000000298701122029870          2011201800000000000590000000099N0205201822011201800000000000060000000000000000000000000000000000000000000000000000000029870                    3001090090000000000 
1040001300071Q 011000000000000000GEOVANY DE OLIVEIRA LEAO                RUA 15 N 458 ENTRE AS RUAS 10 E 12      UNIVERSITARIO  76380000GOIANESIA      GO0000000000000000                                                                       
1040001300072R 01000000000000000000000000000000000000000000000000220112018000000000000200                                                                                                                                                       
1040001300073P 0101298027300700000000000140000000000298711122029871          2012201800000000000590000000099N0205201822012201800000000000060000000000000000000000000000000000000000000000000000000029871                    3001090090000000000 
1040001300074Q 011000000000000000GEOVANY DE OLIVEIRA LEAO                RUA 15 N 458 ENTRE AS RUAS 10 E 12      UNIVERSITARIO  76380000GOIANESIA      GO0000000000000000                                                                       
1040001300075R 01000000000000000000000000000000000000000000000000220122018000000000000200                                                                                                                                                       
1040001300076P 0101298027300700000000000140000000000298721122029872          1010201700000000000590000000099N0205201821010201700000000000060000000000000000000000000000000000000000000000000000000029872                    3001090090000000000 
1040001300077Q 011000085299685149ALISSON IVO DIAS                        RUA B NUMERO 25                         STA TEREZINHA  76310000RIALMA         GO0000000000000000                                                                       
1040001300078R 01000000000000000000000000000000000000000000000000210102017000000000000200                                                                                                                                                       
1040001300079P 0101298027300700000000000140000000000298731122029873          1011201700000000000590000000099N0205201821011201700000000000060000000000000000000000000000000000000000000000000000000029873                    3001090090000000000 
1040001300080Q 011000085299685149ALISSON IVO DIAS                        RUA B NUMERO 25                         STA TEREZINHA  76310000RIALMA         GO0000000000000000                                                                       
1040001300081R 01000000000000000000000000000000000000000000000000210112017000000000000200                                                                                                                                                       
1040001300082P 0101298027300700000000000140000000000298741122029874          1012201700000000000590000000099N0205201821012201700000000000060000000000000000000000000000000000000000000000000000000029874                    3001090090000000000 
1040001300083Q 011000085299685149ALISSON IVO DIAS                        RUA B NUMERO 25                         STA TEREZINHA  76310000RIALMA         GO0000000000000000                                                                       
1040001300084R 01000000000000000000000000000000000000000000000000210122017000000000000200                                                                                                                                                       
1040001300085P 0101298027300700000000000140000000000298751122029875          1001201800000000000590000000099N0205201821001201800000000000060000000000000000000000000000000000000000000000000000000029875                    3001090090000000000 
1040001300086Q 011000085299685149ALISSON IVO DIAS                        RUA B NUMERO 25                         STA TEREZINHA  76310000RIALMA         GO0000000000000000                                                                       
1040001300087R 01000000000000000000000000000000000000000000000000210012018000000000000200                                                                                                                                                       
1040001300088P 0101298027300700000000000140000000000298761122029876          1002201800000000000590000000099N0205201821002201800000000000060000000000000000000000000000000000000000000000000000000029876                    3001090090000000000 
1040001300089Q 011000085299685149ALISSON IVO DIAS                        RUA B NUMERO 25                         STA TEREZINHA  76310000RIALMA         GO0000000000000000                                                                       
1040001300090R 01000000000000000000000000000000000000000000000000210022018000000000000200                                                                                                                                                       
1040001300091P 0101298027300700000000000140000000000298771122029877          1003201800000000000590000000099N0205201821003201800000000000060000000000000000000000000000000000000000000000000000000029877                    3001090090000000000 
1040001300092Q 011000085299685149ALISSON IVO DIAS                        RUA B NUMERO 25                         STA TEREZINHA  76310000RIALMA         GO0000000000000000                                                                       
1040001300093R 01000000000000000000000000000000000000000000000000210032018000000000000200                                                                                                                                                       
1040001300094P 0101298027300700000000000140000000000298781122029878          1004201800000000000590000000099N0205201821004201800000000000060000000000000000000000000000000000000000000000000000000029878                    3001090090000000000 
1040001300095Q 011000085299685149ALISSON IVO DIAS                        RUA B NUMERO 25                         STA TEREZINHA  76310000RIALMA         GO0000000000000000                                                                       
1040001300096R 01000000000000000000000000000000000000000000000000210042018000000000000200                                                                                                                                                       
1040001300097P 0101298027300700000000000140000000000298791122029879          1005201800000000000590000000099N0205201821005201800000000000060000000000000000000000000000000000000000000000000000000029879                    3001090090000000000 
1040001300098Q 011000085299685149ALISSON IVO DIAS                        RUA B NUMERO 25                         STA TEREZINHA  76310000RIALMA         GO0000000000000000                                                                       
1040001300099R 01000000000000000000000000000000000000000000000000210052018000000000000200                                                                                                                                                       
1040001300100P 0101298027300700000000000140000000000298801122029880          1006201800000000000590000000099N0205201821006201800000000000060000000000000000000000000000000000000000000000000000000029880                    3001090090000000000 
1040001300101Q 011000085299685149ALISSON IVO DIAS                        RUA B NUMERO 25                         STA TEREZINHA  76310000RIALMA         GO0000000000000000                                                                       
1040001300102R 01000000000000000000000000000000000000000000000000210062018000000000000200                                                                                                                                                       
1040001300103P 0101298027300700000000000140000000000298811122029881          1007201800000000000590000000099N0205201821007201800000000000060000000000000000000000000000000000000000000000000000000029881                    3001090090000000000 
1040001300104Q 011000085299685149ALISSON IVO DIAS                        RUA B NUMERO 25                         STA TEREZINHA  76310000RIALMA         GO0000000000000000                                                                       
1040001300105R 01000000000000000000000000000000000000000000000000210072018000000000000200                                                                                                                                                       
1040001300106P 0101298027300700000000000140000000000298821122029882          1008201800000000000590000000099N0205201821008201800000000000060000000000000000000000000000000000000000000000000000000029882                    3001090090000000000 
1040001300107Q 011000085299685149ALISSON IVO DIAS                        RUA B NUMERO 25                         STA TEREZINHA  76310000RIALMA         GO0000000000000000                                                                       
1040001300108R 01000000000000000000000000000000000000000000000000210082018000000000000200                                                                                                                                                       
1040001300109P 0101298027300700000000000140000000000298831122029883          1009201800000000000590000000099N0205201821009201800000000000060000000000000000000000000000000000000000000000000000000029883                    3001090090000000000 
1040001300110Q 011000085299685149ALISSON IVO DIAS                        RUA B NUMERO 25                         STA TEREZINHA  76310000RIALMA         GO0000000000000000                                                                       
1040001300111R 01000000000000000000000000000000000000000000000000210092018000000000000200                                                                                                                                                       
1040001300112P 0101298027300700000000000140000000000298841122029884          0504201800000000000500000000099N0205201820504201800000000000060000000000000000000000000000000000000000000000000000000029884                    3001090090000000000 
1040001300113Q 011000090915011115WELLINGTON DE FREITAS DIAS              AV 16 JULHO QD 22 LT 10                 RIALMAII       76310000RIALMA         GO0000000000000000                                                                       
1040001300114R 01000000000000000000000000000000000000000000000000205042018000000000000200                                                                                                                                                       
1040001300115P 0101298027300700000000000140000000000298851122029885          0505201800000000000500000000099N0205201820505201800000000000060000000000000000000000000000000000000000000000000000000029885                    3001090090000000000 
1040001300116Q 011000090915011115WELLINGTON DE FREITAS DIAS              AV 16 JULHO QD 22 LT 10                 RIALMAII       76310000RIALMA         GO0000000000000000                                                                       
1040001300117R 01000000000000000000000000000000000000000000000000205052018000000000000200                                                                                                                                                       
1040001300118P 0101298027300700000000000140000000000298861122029886          0506201800000000000500000000099N0205201820506201800000000000060000000000000000000000000000000000000000000000000000000029886                    3001090090000000000 
1040001300119Q 011000090915011115WELLINGTON DE FREITAS DIAS              AV 16 JULHO QD 22 LT 10                 RIALMAII       76310000RIALMA         GO0000000000000000                                                                       
1040001300120R 01000000000000000000000000000000000000000000000000205062018000000000000200                                                                                                                                                       
1040001300121P 0101298027300700000000000140000000000298871122029887          0507201800000000000500000000099N0205201820507201800000000000060000000000000000000000000000000000000000000000000000000029887                    3001090090000000000 
1040001300122Q 011000090915011115WELLINGTON DE FREITAS DIAS              AV 16 JULHO QD 22 LT 10                 RIALMAII       76310000RIALMA         GO0000000000000000                                                                       
1040001300123R 01000000000000000000000000000000000000000000000000205072018000000000000200                                                                                                                                                       
1040001300124P 0101298027300700000000000140000000000298881122029888          0508201800000000000500000000099N0205201820508201800000000000060000000000000000000000000000000000000000000000000000000029888                    3001090090000000000 
1040001300125Q 011000090915011115WELLINGTON DE FREITAS DIAS              AV 16 JULHO QD 22 LT 10                 RIALMAII       76310000RIALMA         GO0000000000000000                                                                       
1040001300126R 01000000000000000000000000000000000000000000000000205082018000000000000200                                                                                                                                                       
1040001300127P 0101298027300700000000000140000000000298891122029889          0509201800000000000500000000099N0205201820509201800000000000060000000000000000000000000000000000000000000000000000000029889                    3001090090000000000 
1040001300128Q 011000090915011115WELLINGTON DE FREITAS DIAS              AV 16 JULHO QD 22 LT 10                 RIALMAII       76310000RIALMA         GO0000000000000000                                                                       
1040001300129R 01000000000000000000000000000000000000000000000000205092018000000000000200                                                                                                                                                       
1040001300130P 0101298027300700000000000140000000000298901122029890          0510201800000000000500000000099N0205201820510201800000000000060000000000000000000000000000000000000000000000000000000029890                    3001090090000000000 
1040001300131Q 011000090915011115WELLINGTON DE FREITAS DIAS              AV 16 JULHO QD 22 LT 10                 RIALMAII       76310000RIALMA         GO0000000000000000                                                                       
1040001300132R 01000000000000000000000000000000000000000000000000205102018000000000000200                                                                                                                                                       
1040001300133P 0101298027300700000000000140000000000298911122029891          0511201800000000000500000000099N0205201820511201800000000000060000000000000000000000000000000000000000000000000000000029891                    3001090090000000000 
1040001300134Q 011000090915011115WELLINGTON DE FREITAS DIAS              AV 16 JULHO QD 22 LT 10                 RIALMAII       76310000RIALMA         GO0000000000000000                                                                       
1040001300135R 01000000000000000000000000000000000000000000000000205112018000000000000200                                                                                                                                                       
1040001300136P 0101298027300700000000000140000000000298921122029892          0512201800000000000500000000099N0205201820512201800000000000060000000000000000000000000000000000000000000000000000000029892                    3001090090000000000 
1040001300137Q 011000090915011115WELLINGTON DE FREITAS DIAS              AV 16 JULHO QD 22 LT 10                 RIALMAII       76310000RIALMA         GO0000000000000000                                                                       
1040001300138R 01000000000000000000000000000000000000000000000000205122018000000000000200                                                                                                                                                       
1040001300139P 0101298027300700000000000140000000000298931122029893          0501201900000000000500000000099N0205201820501201900000000000060000000000000000000000000000000000000000000000000000000029893                    3001090090000000000 
1040001300140Q 011000090915011115WELLINGTON DE FREITAS DIAS              AV 16 JULHO QD 22 LT 10                 RIALMAII       76310000RIALMA         GO0000000000000000                                                                       
1040001300141R 01000000000000000000000000000000000000000000000000205012019000000000000200                                                                                                                                                       
1040001300142P 0101298027300700000000000140000000000298941122029894          0502201900000000000500000000099N0205201820502201900000000000060000000000000000000000000000000000000000000000000000000029894                    3001090090000000000 
1040001300143Q 011000090915011115WELLINGTON DE FREITAS DIAS              AV 16 JULHO QD 22 LT 10                 RIALMAII       76310000RIALMA         GO0000000000000000                                                                       
1040001300144R 01000000000000000000000000000000000000000000000000205022019000000000000200                                                                                                                                                       
1040001300145P 0101298027300700000000000140000000000298951122029895          0503201900000000000500000000099N0205201820503201900000000000060000000000000000000000000000000000000000000000000000000029895                    3001090090000000000 
1040001300146Q 011000090915011115WELLINGTON DE FREITAS DIAS              AV 16 JULHO QD 22 LT 10                 RIALMAII       76310000RIALMA         GO0000000000000000                                                                       
1040001300147R 01000000000000000000000000000000000000000000000000205032019000000000000200                                                                                                                                                       
1040001300148P 0101298027300700000000000140000000000298961122029896          2002201800000000000590000000099N0205201822002201800000000000060000000000000000000000000000000000000000000000000000000029896                    3001090090000000000 
1040001300149Q 011000027003302187JOSE HORACIO DE MEDEIROS NETO           DON SEBASTIÃO TOMÁS                     CAPELINHA      68540000CONCEICAO DO ARPA0000000000000000                                                                       
1040001300150R 01000000000000000000000000000000000000000000000000220022018000000000000200                                                                                                                                                       
1040001300151P 0101298027300700000000000140000000000298971122029897          2003201800000000000590000000099N0205201822003201800000000000060000000000000000000000000000000000000000000000000000000029897                    3001090090000000000 
1040001300152Q 011000027003302187JOSE HORACIO DE MEDEIROS NETO           DON SEBASTIÃO TOMÁS                     CAPELINHA      68540000CONCEICAO DO ARPA0000000000000000                                                                       
1040001300153R 01000000000000000000000000000000000000000000000000220032018000000000000200                                                                                                                                                       
1040001300154P 0101298027300700000000000140000000000298981122029898          2004201800000000000590000000099N0205201822004201800000000000060000000000000000000000000000000000000000000000000000000029898                    3001090090000000000 
1040001300155Q 011000027003302187JOSE HORACIO DE MEDEIROS NETO           DON SEBASTIÃO TOMÁS                     CAPELINHA      68540000CONCEICAO DO ARPA0000000000000000                                                                       
1040001300156R 01000000000000000000000000000000000000000000000000220042018000000000000200                                                                                                                                                       
1040001300157P 0101298027300700000000000140000000000298991122029899          2005201800000000000590000000099N0205201822005201800000000000060000000000000000000000000000000000000000000000000000000029899                    3001090090000000000 
1040001300158Q 011000027003302187JOSE HORACIO DE MEDEIROS NETO           DON SEBASTIÃO TOMÁS                     CAPELINHA      68540000CONCEICAO DO ARPA0000000000000000                                                                       
1040001300159R 01000000000000000000000000000000000000000000000000220052018000000000000200                                                                                                                                                       
1040001300160P 0101298027300700000000000140000000000299001122029900          2006201800000000000590000000099N0205201822006201800000000000060000000000000000000000000000000000000000000000000000000029900                    3001090090000000000 
1040001300161Q 011000027003302187JOSE HORACIO DE MEDEIROS NETO           DON SEBASTIÃO TOMÁS                     CAPELINHA      68540000CONCEICAO DO ARPA0000000000000000                                                                       
1040001300162R 01000000000000000000000000000000000000000000000000220062018000000000000200                                                                                                                                                       
1040001300163P 0101298027300700000000000140000000000299011122029901          2007201800000000000590000000099N0205201822007201800000000000060000000000000000000000000000000000000000000000000000000029901                    3001090090000000000 
1040001300164Q 011000027003302187JOSE HORACIO DE MEDEIROS NETO           DON SEBASTIÃO TOMÁS                     CAPELINHA      68540000CONCEICAO DO ARPA0000000000000000                                                                       
1040001300165R 01000000000000000000000000000000000000000000000000220072018000000000000200                                                                                                                                                       
1040001300166P 0101298027300700000000000140000000000299021122029902          2008201800000000000590000000099N0205201822008201800000000000060000000000000000000000000000000000000000000000000000000029902                    3001090090000000000 
1040001300167Q 011000027003302187JOSE HORACIO DE MEDEIROS NETO           DON SEBASTIÃO TOMÁS                     CAPELINHA      68540000CONCEICAO DO ARPA0000000000000000                                                                       
1040001300168R 01000000000000000000000000000000000000000000000000220082018000000000000200                                                                                                                                                       
1040001300169P 0101298027300700000000000140000000000299031122029903          2009201800000000000590000000099N0205201822009201800000000000060000000000000000000000000000000000000000000000000000000029903                    3001090090000000000 
1040001300170Q 011000027003302187JOSE HORACIO DE MEDEIROS NETO           DON SEBASTIÃO TOMÁS                     CAPELINHA      68540000CONCEICAO DO ARPA0000000000000000                                                                       
1040001300171R 01000000000000000000000000000000000000000000000000220092018000000000000200                                                                                                                                                       
1040001300172P 0101298027300700000000000140000000000299041122029904          2010201800000000000590000000099N0205201822010201800000000000060000000000000000000000000000000000000000000000000000000029904                    3001090090000000000 
1040001300173Q 011000027003302187JOSE HORACIO DE MEDEIROS NETO           DON SEBASTIÃO TOMÁS                     CAPELINHA      68540000CONCEICAO DO ARPA0000000000000000                                                                       
1040001300174R 01000000000000000000000000000000000000000000000000220102018000000000000200                                                                                                                                                       
1040001300175P 0101298027300700000000000140000000000299051122029905          2011201800000000000590000000099N0205201822011201800000000000060000000000000000000000000000000000000000000000000000000029905                    3001090090000000000 
1040001300176Q 011000027003302187JOSE HORACIO DE MEDEIROS NETO           DON SEBASTIÃO TOMÁS                     CAPELINHA      68540000CONCEICAO DO ARPA0000000000000000                                                                       
1040001300177R 01000000000000000000000000000000000000000000000000220112018000000000000200                                                                                                                                                       
1040001300178P 0101298027300700000000000140000000000299061122029906          2012201800000000000590000000099N0205201822012201800000000000060000000000000000000000000000000000000000000000000000000029906                    3001090090000000000 
1040001300179Q 011000027003302187JOSE HORACIO DE MEDEIROS NETO           DON SEBASTIÃO TOMÁS                     CAPELINHA      68540000CONCEICAO DO ARPA0000000000000000                                                                       
1040001300180R 01000000000000000000000000000000000000000000000000220122018000000000000200                                                                                                                                                       
1040001300181P 0101298027300700000000000140000000000299071122029907          2001201900000000000590000000099N0205201822001201900000000000060000000000000000000000000000000000000000000000000000000029907                    3001090090000000000 
1040001300182Q 011000027003302187JOSE HORACIO DE MEDEIROS NETO           DON SEBASTIÃO TOMÁS                     CAPELINHA      68540000CONCEICAO DO ARPA0000000000000000                                                                       
1040001300183R 01000000000000000000000000000000000000000000000000220012019000000000000200                                                                                                                                                       
1040001300184P 0101298027300700000000000140000000000299081122029908          2004201800000000000750000000099N0205201822004201800000000000060000000000000000000000000000000000000000000000000000000029908                    3001090090000000000 
1040001300185Q 012023523032000177G I BATISTA SERVICOS - ME               RUA 12A                                 CENTRO         76380000GOIANESIA      GO0000000000000000                                                                       
1040001300186R 01000000000000000000000000000000000000000000000000220042018000000000000200                                                                                                                                                       
1040001300187P 0101298027300700000000000140000000000299091122029909          2005201800000000000750000000099N0205201822005201800000000000060000000000000000000000000000000000000000000000000000000029909                    3001090090000000000 
1040001300188Q 012023523032000177G I BATISTA SERVICOS - ME               RUA 12A                                 CENTRO         76380000GOIANESIA      GO0000000000000000                                                                       
1040001300189R 01000000000000000000000000000000000000000000000000220052018000000000000200                                                                                                                                                       
1040001300190P 0101298027300700000000000140000000000299101122029910          2006201800000000000750000000099N0205201822006201800000000000060000000000000000000000000000000000000000000000000000000029910                    3001090090000000000 
1040001300191Q 012023523032000177G I BATISTA SERVICOS - ME               RUA 12A                                 CENTRO         76380000GOIANESIA      GO0000000000000000                                                                       
1040001300192R 01000000000000000000000000000000000000000000000000220062018000000000000200                                                                                                                                                       
1040001300193P 0101298027300700000000000140000000000299111122029911          2007201800000000000750000000099N0205201822007201800000000000060000000000000000000000000000000000000000000000000000000029911                    3001090090000000000 
1040001300194Q 012023523032000177G I BATISTA SERVICOS - ME               RUA 12A                                 CENTRO         76380000GOIANESIA      GO0000000000000000                                                                       
1040001300195R 01000000000000000000000000000000000000000000000000220072018000000000000200                                                                                                                                                       
1040001300196P 0101298027300700000000000140000000000299121122029912          2008201800000000000750000000099N0205201822008201800000000000060000000000000000000000000000000000000000000000000000000029912                    3001090090000000000 
1040001300197Q 012023523032000177G I BATISTA SERVICOS - ME               RUA 12A                                 CENTRO         76380000GOIANESIA      GO0000000000000000                                                                       
1040001300198R 01000000000000000000000000000000000000000000000000220082018000000000000200                                                                                                                                                       
1040001300199P 0101298027300700000000000140000000000299131122029913          2009201800000000000750000000099N0205201822009201800000000000060000000000000000000000000000000000000000000000000000000029913                    3001090090000000000 
1040001300200Q 012023523032000177G I BATISTA SERVICOS - ME               RUA 12A                                 CENTRO         76380000GOIANESIA      GO0000000000000000                                                                       
1040001300201R 01000000000000000000000000000000000000000000000000220092018000000000000200                                                                                                                                                       
1040001300202P 0101298027300700000000000140000000000299141122029914          2010201800000000000750000000099N0205201822010201800000000000060000000000000000000000000000000000000000000000000000000029914                    3001090090000000000 
1040001300203Q 012023523032000177G I BATISTA SERVICOS - ME               RUA 12A                                 CENTRO         76380000GOIANESIA      GO0000000000000000                                                                       
1040001300204R 01000000000000000000000000000000000000000000000000220102018000000000000200                                                                                                                                                       
1040001300205P 0101298027300700000000000140000000000299151122029915          2011201800000000000750000000099N0205201822011201800000000000060000000000000000000000000000000000000000000000000000000029915                    3001090090000000000 
1040001300206Q 012023523032000177G I BATISTA SERVICOS - ME               RUA 12A                                 CENTRO         76380000GOIANESIA      GO0000000000000000                                                                       
1040001300207R 01000000000000000000000000000000000000000000000000220112018000000000000200                                                                                                                                                       
1040001300208P 0101298027300700000000000140000000000299161122029916          2012201800000000000750000000099N0205201822012201800000000000060000000000000000000000000000000000000000000000000000000029916                    3001090090000000000 
1040001300209Q 012023523032000177G I BATISTA SERVICOS - ME               RUA 12A                                 CENTRO         76380000GOIANESIA      GO0000000000000000                                                                       
1040001300210R 01000000000000000000000000000000000000000000000000220122018000000000000200                                                                                                                                                       
1040001300211P 0101298027300700000000000140000000000299171122029917          2001201900000000000750000000099N0205201822001201900000000000060000000000000000000000000000000000000000000000000000000029917                    3001090090000000000 
1040001300212Q 012023523032000177G I BATISTA SERVICOS - ME               RUA 12A                                 CENTRO         76380000GOIANESIA      GO0000000000000000                                                                       
1040001300213R 01000000000000000000000000000000000000000000000000220012019000000000000200                                                                                                                                                       
1040001300214P 0101298027300700000000000140000000000299181122029918          2002201900000000000750000000099N0205201822002201900000000000060000000000000000000000000000000000000000000000000000000029918                    3001090090000000000 
1040001300215Q 012023523032000177G I BATISTA SERVICOS - ME               RUA 12A                                 CENTRO         76380000GOIANESIA      GO0000000000000000                                                                       
1040001300216R 01000000000000000000000000000000000000000000000000220022019000000000000200                                                                                                                                                       
1040001300217P 0101298027300700000000000140000000000299191122029919          2003201900000000000750000000099N0205201822003201900000000000060000000000000000000000000000000000000000000000000000000029919                    3001090090000000000 
1040001300218Q 012023523032000177G I BATISTA SERVICOS - ME               RUA 12A                                 CENTRO         76380000GOIANESIA      GO0000000000000000                                                                       
1040001300219R 01000000000000000000000000000000000000000000000000220032019000000000000200                                                                                                                                                       
1040001300220P 0101298027300700000000000140000000000299201122029920          2004201800000000000325000000099N0205201822004201800000000000060000000000000000000000000000000000000000000000000000000029920                    3001090090000000000 
1040001300221Q 011000092278493353AELSON PORTO LIMA                       RUA 02                                  CENTRO         76314970RIALMA         GO0000000000000000                                                                       
1040001300222R 01000000000000000000000000000000000000000000000000220042018000000000000200                                                                                                                                                       
1040001300223P 0101298027300700000000000140000000000299211122029921          2005201800000000000325000000099N0205201822005201800000000000060000000000000000000000000000000000000000000000000000000029921                    3001090090000000000 
1040001300224Q 011000092278493353AELSON PORTO LIMA                       RUA 02                                  CENTRO         76314970RIALMA         GO0000000000000000                                                                       
1040001300225R 01000000000000000000000000000000000000000000000000220052018000000000000200                                                                                                                                                       
1040001300226P 0101298027300700000000000140000000000299221122029922          2006201800000000000325000000099N0205201822006201800000000000060000000000000000000000000000000000000000000000000000000029922                    3001090090000000000 
1040001300227Q 011000092278493353AELSON PORTO LIMA                       RUA 02                                  CENTRO         76314970RIALMA         GO0000000000000000                                                                       
1040001300228R 01000000000000000000000000000000000000000000000000220062018000000000000200                                                                                                                                                       
1040001300229P 0101298027300700000000000140000000000299231122029923          2007201800000000000325000000099N0205201822007201800000000000060000000000000000000000000000000000000000000000000000000029923                    3001090090000000000 
1040001300230Q 011000092278493353AELSON PORTO LIMA                       RUA 02                                  CENTRO         76314970RIALMA         GO0000000000000000                                                                       
1040001300231R 01000000000000000000000000000000000000000000000000220072018000000000000200                                                                                                                                                       
1040001300232P 0101298027300700000000000140000000000299241122029924          2008201800000000000325000000099N0205201822008201800000000000060000000000000000000000000000000000000000000000000000000029924                    3001090090000000000 
1040001300233Q 011000092278493353AELSON PORTO LIMA                       RUA 02                                  CENTRO         76314970RIALMA         GO0000000000000000                                                                       
1040001300234R 01000000000000000000000000000000000000000000000000220082018000000000000200                                                                                                                                                       
1040001300235P 0101298027300700000000000140000000000299251122029925          2009201800000000000325000000099N0205201822009201800000000000060000000000000000000000000000000000000000000000000000000029925                    3001090090000000000 
1040001300236Q 011000092278493353AELSON PORTO LIMA                       RUA 02                                  CENTRO         76314970RIALMA         GO0000000000000000                                                                       
1040001300237R 01000000000000000000000000000000000000000000000000220092018000000000000200                                                                                                                                                       
1040001300238P 0101298027300700000000000140000000000299261122029926          2010201800000000000325000000099N0205201822010201800000000000060000000000000000000000000000000000000000000000000000000029926                    3001090090000000000 
1040001300239Q 011000092278493353AELSON PORTO LIMA                       RUA 02                                  CENTRO         76314970RIALMA         GO0000000000000000                                                                       
1040001300240R 01000000000000000000000000000000000000000000000000220102018000000000000200                                                                                                                                                       
1040001300241P 0101298027300700000000000140000000000299271122029927          2011201800000000000325000000099N0205201822011201800000000000060000000000000000000000000000000000000000000000000000000029927                    3001090090000000000 
1040001300242Q 011000092278493353AELSON PORTO LIMA                       RUA 02                                  CENTRO         76314970RIALMA         GO0000000000000000                                                                       
1040001300243R 01000000000000000000000000000000000000000000000000220112018000000000000200                                                                                                                                                       
1040001300244P 0101298027300700000000000140000000000299281122029928          2012201800000000000325000000099N0205201822012201800000000000060000000000000000000000000000000000000000000000000000000029928                    3001090090000000000 
1040001300245Q 011000092278493353AELSON PORTO LIMA                       RUA 02                                  CENTRO         76314970RIALMA         GO0000000000000000                                                                       
1040001300246R 01000000000000000000000000000000000000000000000000220122018000000000000200                                                                                                                                                       
1040001300247P 0101298027300700000000000140000000000299291122029929          2001201900000000000325000000099N0205201822001201900000000000060000000000000000000000000000000000000000000000000000000029929                    3001090090000000000 
1040001300248Q 011000092278493353AELSON PORTO LIMA                       RUA 02                                  CENTRO         76314970RIALMA         GO0000000000000000                                                                       
1040001300249R 01000000000000000000000000000000000000000000000000220012019000000000000200                                                                                                                                                       
1040001300250P 0101298027300700000000000140000000000299301122029930          2002201900000000000325000000099N0205201822002201900000000000060000000000000000000000000000000000000000000000000000000029930                    3001090090000000000 
1040001300251Q 011000092278493353AELSON PORTO LIMA                       RUA 02                                  CENTRO         76314970RIALMA         GO0000000000000000                                                                       
1040001300252R 01000000000000000000000000000000000000000000000000220022019000000000000200                                                                                                                                                       
1040001300253P 0101298027300700000000000140000000000299311122029931          2003201900000000000325000000099N0205201822003201900000000000060000000000000000000000000000000000000000000000000000000029931                    3001090090000000000 
1040001300254Q 011000092278493353AELSON PORTO LIMA                       RUA 02                                  CENTRO         76314970RIALMA         GO0000000000000000                                                                       
1040001300255R 01000000000000000000000000000000000000000000000000220032019000000000000200                                                                                                                                                       
1040001300256P 0101298027300700000000000140000000000299321122029932          2005201800000000000750000000099N0205201822005201800000000000060000000000000000000000000000000000000000000000000000000029932                    3001090090000000000 
1040001300257Q 012024450121000101DANIEL SERRA DE OLIVEIRA DIAS - ME      RUA 31                                  SETOR SUL      76380000GOIANESIA      GO0000000000000000                                                                       
1040001300258R 01000000000000000000000000000000000000000000000000220052018000000000000200                                                                                                                                                       
1040001300259P 0101298027300700000000000140000000000299331122029933          2006201800000000000750000000099N0205201822006201800000000000060000000000000000000000000000000000000000000000000000000029933                    3001090090000000000 
1040001300260Q 012024450121000101DANIEL SERRA DE OLIVEIRA DIAS - ME      RUA 31                                  SETOR SUL      76380000GOIANESIA      GO0000000000000000                                                                       
1040001300261R 01000000000000000000000000000000000000000000000000220062018000000000000200                                                                                                                                                       
1040001300262P 0101298027300700000000000140000000000299341122029934          2007201800000000000750000000099N0205201822007201800000000000060000000000000000000000000000000000000000000000000000000029934                    3001090090000000000 
1040001300263Q 012024450121000101DANIEL SERRA DE OLIVEIRA DIAS - ME      RUA 31                                  SETOR SUL      76380000GOIANESIA      GO0000000000000000                                                                       
1040001300264R 01000000000000000000000000000000000000000000000000220072018000000000000200                                                                                                                                                       
1040001300265P 0101298027300700000000000140000000000299351122029935          2008201800000000000750000000099N0205201822008201800000000000060000000000000000000000000000000000000000000000000000000029935                    3001090090000000000 
1040001300266Q 012024450121000101DANIEL SERRA DE OLIVEIRA DIAS - ME      RUA 31                                  SETOR SUL      76380000GOIANESIA      GO0000000000000000                                                                       
1040001300267R 01000000000000000000000000000000000000000000000000220082018000000000000200                                                                                                                                                       
1040001300268P 0101298027300700000000000140000000000299361122029936          2009201800000000000750000000099N0205201822009201800000000000060000000000000000000000000000000000000000000000000000000029936                    3001090090000000000 
1040001300269Q 012024450121000101DANIEL SERRA DE OLIVEIRA DIAS - ME      RUA 31                                  SETOR SUL      76380000GOIANESIA      GO0000000000000000                                                                       
1040001300270R 01000000000000000000000000000000000000000000000000220092018000000000000200                                                                                                                                                       
1040001300271P 0101298027300700000000000140000000000299371122029937          2010201800000000000750000000099N0205201822010201800000000000060000000000000000000000000000000000000000000000000000000029937                    3001090090000000000 
1040001300272Q 012024450121000101DANIEL SERRA DE OLIVEIRA DIAS - ME      RUA 31                                  SETOR SUL      76380000GOIANESIA      GO0000000000000000                                                                       
1040001300273R 01000000000000000000000000000000000000000000000000220102018000000000000200                                                                                                                                                       
1040001300274P 0101298027300700000000000140000000000299381122029938          2011201800000000000750000000099N0205201822011201800000000000060000000000000000000000000000000000000000000000000000000029938                    3001090090000000000 
1040001300275Q 012024450121000101DANIEL SERRA DE OLIVEIRA DIAS - ME      RUA 31                                  SETOR SUL      76380000GOIANESIA      GO0000000000000000                                                                       
1040001300276R 01000000000000000000000000000000000000000000000000220112018000000000000200                                                                                                                                                       
1040001300277P 0101298027300700000000000140000000000299391122029939          2012201800000000000750000000099N0205201822012201800000000000060000000000000000000000000000000000000000000000000000000029939                    3001090090000000000 
1040001300278Q 012024450121000101DANIEL SERRA DE OLIVEIRA DIAS - ME      RUA 31                                  SETOR SUL      76380000GOIANESIA      GO0000000000000000                                                                       
1040001300279R 01000000000000000000000000000000000000000000000000220122018000000000000200                                                                                                                                                       
1040001300280P 0101298027300700000000000140000000000299401122029940          2001201900000000000750000000099N0205201822001201900000000000060000000000000000000000000000000000000000000000000000000029940                    3001090090000000000 
1040001300281Q 012024450121000101DANIEL SERRA DE OLIVEIRA DIAS - ME      RUA 31                                  SETOR SUL      76380000GOIANESIA      GO0000000000000000                                                                       
1040001300282R 01000000000000000000000000000000000000000000000000220012019000000000000200                                                                                                                                                       
1040001300283P 0101298027300700000000000140000000000299411122029941          2002201900000000000750000000099N0205201822002201900000000000060000000000000000000000000000000000000000000000000000000029941                    3001090090000000000 
1040001300284Q 012024450121000101DANIEL SERRA DE OLIVEIRA DIAS - ME      RUA 31                                  SETOR SUL      76380000GOIANESIA      GO0000000000000000                                                                       
1040001300285R 01000000000000000000000000000000000000000000000000220022019000000000000200                                                                                                                                                       
1040001300286P 0101298027300700000000000140000000000299421122029942          2003201900000000000750000000099N0205201822003201900000000000060000000000000000000000000000000000000000000000000000000029942                    3001090090000000000 
1040001300287Q 012024450121000101DANIEL SERRA DE OLIVEIRA DIAS - ME      RUA 31                                  SETOR SUL      76380000GOIANESIA      GO0000000000000000                                                                       
1040001300288R 01000000000000000000000000000000000000000000000000220032019000000000000200                                                                                                                                                       
1040001300289P 0101298027300700000000000140000000000299431122029943          2004201900000000000750000000099N0205201822004201900000000000060000000000000000000000000000000000000000000000000000000029943                    3001090090000000000 
1040001300290Q 012024450121000101DANIEL SERRA DE OLIVEIRA DIAS - ME      RUA 31                                  SETOR SUL      76380000GOIANESIA      GO0000000000000000                                                                       
1040001300291R 01000000000000000000000000000000000000000000000000220042019000000000000200                                                                                                                                                       
1040001300292P 0101298027300700000000000140000000000299441122029944          2005201800000000000590000000099N0205201822005201800000000000060000000000000000000000000000000000000000000000000000000029944                    3001090090000000000 
1040001300293Q 012013341966000134FRANCA E OLIVEIRA TRANSPORTES E SERVICOSRUA 30                                  SETOR OESTE    76380000GOIANESIA      GO0000000000000000                                                                       
1040001300294R 01000000000000000000000000000000000000000000000000220052018000000000000200                                                                                                                                                       
1040001300295P 0101298027300700000000000140000000000299451122029945          2006201800000000000590000000099N0205201822006201800000000000060000000000000000000000000000000000000000000000000000000029945                    3001090090000000000 
1040001300296Q 012013341966000134FRANCA E OLIVEIRA TRANSPORTES E SERVICOSRUA 30                                  SETOR OESTE    76380000GOIANESIA      GO0000000000000000                                                                       
1040001300297R 01000000000000000000000000000000000000000000000000220062018000000000000200                                                                                                                                                       
1040001300298P 0101298027300700000000000140000000000299461122029946          2007201800000000000590000000099N0205201822007201800000000000060000000000000000000000000000000000000000000000000000000029946                    3001090090000000000 
1040001300299Q 012013341966000134FRANCA E OLIVEIRA TRANSPORTES E SERVICOSRUA 30                                  SETOR OESTE    76380000GOIANESIA      GO0000000000000000                                                                       
1040001300300R 01000000000000000000000000000000000000000000000000220072018000000000000200                                                                                                                                                       
1040001300301P 0101298027300700000000000140000000000299471122029947          2008201800000000000590000000099N0205201822008201800000000000060000000000000000000000000000000000000000000000000000000029947                    3001090090000000000 
1040001300302Q 012013341966000134FRANCA E OLIVEIRA TRANSPORTES E SERVICOSRUA 30                                  SETOR OESTE    76380000GOIANESIA      GO0000000000000000                                                                       
1040001300303R 01000000000000000000000000000000000000000000000000220082018000000000000200                                                                                                                                                       
1040001300304P 0101298027300700000000000140000000000299481122029948          2009201800000000000590000000099N0205201822009201800000000000060000000000000000000000000000000000000000000000000000000029948                    3001090090000000000 
1040001300305Q 012013341966000134FRANCA E OLIVEIRA TRANSPORTES E SERVICOSRUA 30                                  SETOR OESTE    76380000GOIANESIA      GO0000000000000000                                                                       
1040001300306R 01000000000000000000000000000000000000000000000000220092018000000000000200                                                                                                                                                       
1040001300307P 0101298027300700000000000140000000000299491122029949          2010201800000000000590000000099N0205201822010201800000000000060000000000000000000000000000000000000000000000000000000029949                    3001090090000000000 
1040001300308Q 012013341966000134FRANCA E OLIVEIRA TRANSPORTES E SERVICOSRUA 30                                  SETOR OESTE    76380000GOIANESIA      GO0000000000000000                                                                       
1040001300309R 01000000000000000000000000000000000000000000000000220102018000000000000200                                                                                                                                                       
1040001300310P 0101298027300700000000000140000000000299501122029950          2011201800000000000590000000099N0205201822011201800000000000060000000000000000000000000000000000000000000000000000000029950                    3001090090000000000 
1040001300311Q 012013341966000134FRANCA E OLIVEIRA TRANSPORTES E SERVICOSRUA 30                                  SETOR OESTE    76380000GOIANESIA      GO0000000000000000                                                                       
1040001300312R 01000000000000000000000000000000000000000000000000220112018000000000000200                                                                                                                                                       
1040001300313P 0101298027300700000000000140000000000299511122029951          2012201800000000000590000000099N0205201822012201800000000000060000000000000000000000000000000000000000000000000000000029951                    3001090090000000000 
1040001300314Q 012013341966000134FRANCA E OLIVEIRA TRANSPORTES E SERVICOSRUA 30                                  SETOR OESTE    76380000GOIANESIA      GO0000000000000000                                                                       
1040001300315R 01000000000000000000000000000000000000000000000000220122018000000000000200                                                                                                                                                       
1040001300316P 0101298027300700000000000140000000000299521122029952          2001201900000000000590000000099N0205201822001201900000000000060000000000000000000000000000000000000000000000000000000029952                    3001090090000000000 
1040001300317Q 012013341966000134FRANCA E OLIVEIRA TRANSPORTES E SERVICOSRUA 30                                  SETOR OESTE    76380000GOIANESIA      GO0000000000000000                                                                       
1040001300318R 01000000000000000000000000000000000000000000000000220012019000000000000200                                                                                                                                                       
1040001300319P 0101298027300700000000000140000000000299531122029953          2002201900000000000590000000099N0205201822002201900000000000060000000000000000000000000000000000000000000000000000000029953                    3001090090000000000 
1040001300320Q 012013341966000134FRANCA E OLIVEIRA TRANSPORTES E SERVICOSRUA 30                                  SETOR OESTE    76380000GOIANESIA      GO0000000000000000                                                                       
1040001300321R 01000000000000000000000000000000000000000000000000220022019000000000000200                                                                                                                                                       
1040001300322P 0101298027300700000000000140000000000299541122029954          2003201900000000000590000000099N0205201822003201900000000000060000000000000000000000000000000000000000000000000000000029954                    3001090090000000000 
1040001300323Q 012013341966000134FRANCA E OLIVEIRA TRANSPORTES E SERVICOSRUA 30                                  SETOR OESTE    76380000GOIANESIA      GO0000000000000000                                                                       
1040001300324R 01000000000000000000000000000000000000000000000000220032019000000000000200                                                                                                                                                       
1040001300325P 0101298027300700000000000140000000000299551122029955          2004201900000000000590000000099N0205201822004201900000000000060000000000000000000000000000000000000000000000000000000029955                    3001090090000000000 
1040001300326Q 012013341966000134FRANCA E OLIVEIRA TRANSPORTES E SERVICOSRUA 30                                  SETOR OESTE    76380000GOIANESIA      GO0000000000000000                                                                       
1040001300327R 01000000000000000000000000000000000000000000000000220042019000000000000200                                                                                                                                                       
1040001300328P 0101298027300700000000000140000000000299561122029956          2108201800000000001500000000099N0205201822108201800000000000060000000000000000000000000000000000000000000000000000000029956                    3001090090000000000 
1040001300329Q 011000002028763140GILBERTO DE SOUZA VIEIRA                RUA DAS TORRES                          JARDIM PETROPOL76300000CERES          GO0000000000000000                                                                       
1040001300330R 01000000000000000000000000000000000000000000000000221082018000000000000200                                                                                                                                                       
1040001300331P 0101298027300700000000000140000000000299571122029957          2109201800000000001500000000099N0205201822109201800000000000060000000000000000000000000000000000000000000000000000000029957                    3001090090000000000 
1040001300332Q 011000002028763140GILBERTO DE SOUZA VIEIRA                RUA DAS TORRES                          JARDIM PETROPOL76300000CERES          GO0000000000000000                                                                       
1040001300333R 01000000000000000000000000000000000000000000000000221092018000000000000200                                                                                                                                                       
1040001300334P 0101298027300700000000000140000000000299581122029958          2110201800000000001500000000099N0205201822110201800000000000060000000000000000000000000000000000000000000000000000000029958                    3001090090000000000 
1040001300335Q 011000002028763140GILBERTO DE SOUZA VIEIRA                RUA DAS TORRES                          JARDIM PETROPOL76300000CERES          GO0000000000000000                                                                       
1040001300336R 01000000000000000000000000000000000000000000000000221102018000000000000200                                                                                                                                                       
1040001300337P 0101298027300700000000000140000000000299591122029959          2111201800000000001500000000099N0205201822111201800000000000060000000000000000000000000000000000000000000000000000000029959                    3001090090000000000 
1040001300338Q 011000002028763140GILBERTO DE SOUZA VIEIRA                RUA DAS TORRES                          JARDIM PETROPOL76300000CERES          GO0000000000000000                                                                       
1040001300339R 01000000000000000000000000000000000000000000000000221112018000000000000200                                                                                                                                                       
1040001300340P 0101298027300700000000000140000000000299601122029960          2112201800000000001500000000099N0205201822112201800000000000060000000000000000000000000000000000000000000000000000000029960                    3001090090000000000 
1040001300341Q 011000002028763140GILBERTO DE SOUZA VIEIRA                RUA DAS TORRES                          JARDIM PETROPOL76300000CERES          GO0000000000000000                                                                       
1040001300342R 01000000000000000000000000000000000000000000000000221122018000000000000200                                                                                                                                                       
1040001300343P 0101298027300700000000000140000000000299611122029961          2101201900000000001500000000099N0205201822101201900000000000060000000000000000000000000000000000000000000000000000000029961                    3001090090000000000 
1040001300344Q 011000002028763140GILBERTO DE SOUZA VIEIRA                RUA DAS TORRES                          JARDIM PETROPOL76300000CERES          GO0000000000000000                                                                       
1040001300345R 01000000000000000000000000000000000000000000000000221012019000000000000200                                                                                                                                                       
1040001300346P 0101298027300700000000000140000000000299621122029962          2102201900000000001500000000099N0205201822102201900000000000060000000000000000000000000000000000000000000000000000000029962                    3001090090000000000 
1040001300347Q 011000002028763140GILBERTO DE SOUZA VIEIRA                RUA DAS TORRES                          JARDIM PETROPOL76300000CERES          GO0000000000000000                                                                       
1040001300348R 01000000000000000000000000000000000000000000000000221022019000000000000200                                                                                                                                                       
1040001300349P 0101298027300700000000000140000000000299631122029963          2103201900000000001500000000099N0205201822103201900000000000060000000000000000000000000000000000000000000000000000000029963                    3001090090000000000 
1040001300350Q 011000002028763140GILBERTO DE SOUZA VIEIRA                RUA DAS TORRES                          JARDIM PETROPOL76300000CERES          GO0000000000000000                                                                       
1040001300351R 01000000000000000000000000000000000000000000000000221032019000000000000200                                                                                                                                                       
1040001300352P 0101298027300700000000000140000000000299641122029964          2104201900000000001500000000099N0205201822104201900000000000060000000000000000000000000000000000000000000000000000000029964                    3001090090000000000 
1040001300353Q 011000002028763140GILBERTO DE SOUZA VIEIRA                RUA DAS TORRES                          JARDIM PETROPOL76300000CERES          GO0000000000000000                                                                       
1040001300354R 01000000000000000000000000000000000000000000000000221042019000000000000200                                                                                                                                                       
1040001300355P 0101298027300700000000000140000000000299651122029965          2105201900000000001500000000099N0205201822105201900000000000060000000000000000000000000000000000000000000000000000000029965                    3001090090000000000 
1040001300356Q 011000002028763140GILBERTO DE SOUZA VIEIRA                RUA DAS TORRES                          JARDIM PETROPOL76300000CERES          GO0000000000000000                                                                       
1040001300357R 01000000000000000000000000000000000000000000000000221052019000000000000200                                                                                                                                                       
1040001300358P 0101298027300700000000000140000000000299661122029966          2106201900000000001500000000099N0205201822106201900000000000060000000000000000000000000000000000000000000000000000000029966                    3001090090000000000 
1040001300359Q 011000002028763140GILBERTO DE SOUZA VIEIRA                RUA DAS TORRES                          JARDIM PETROPOL76300000CERES          GO0000000000000000                                                                       
1040001300360R 01000000000000000000000000000000000000000000000000221062019000000000000200                                                                                                                                                       
1040001300361P 0101298027300700000000000140000000000299671122029967          2107201900000000001500000000099N0205201822107201900000000000060000000000000000000000000000000000000000000000000000000029967                    3001090090000000000 
1040001300362Q 011000002028763140GILBERTO DE SOUZA VIEIRA                RUA DAS TORRES                          JARDIM PETROPOL76300000CERES          GO0000000000000000                                                                       
1040001300363R 01000000000000000000000000000000000000000000000000221072019000000000000200                                                                                                                                                       
10400015         000365000121000000000011254000000000000000000000000000000000000000000000000                                                                                                                                                    
10499999         000001000367                                                                                                                                                                                                                   