10400000         2116559540001590000000000000000000001298027300700000000FEDERAL SISTEMAS              CAIXA ECONOMICA FEDERAL                 11309201816190900016405000000                    REMESSA-PRODUCAO                                 
10400011R0100030 20116559540001592730070000000000000001298027300700000000FEDERAL SISTEMAS                                                                                              000001641309201800000000                                 
1040001300001P 0101298027300700000000000140000000000370151122037015          1709201800000000010000000000099N1309201821709201800000000000060000000000000000000000000000000000000000000000000000000037015                    3001029090000000000 
1040001300002Q 012030989803000181YHWH MAGALHAES FESTAS E FESTAS EIRELI   AV. PRESIDENTE VARGAS                   CENTRO         76300000CERES          GO0000000000000000                                                                       
1040001300003R 01000000000000000000000000000000000000000000000000217092018000000000000200                                                                                                                                                       
1040001300004P 0101298027300700000000000140000000000370161122037016          1510201800000000003300000000099N1309201821510201800000000000060000000000000000000000000000000000000000000000000000000037016                    3001029090000000000 
1040001300005Q 012030989803000181YHWH MAGALHAES FESTAS E FESTAS EIRELI   AV. PRESIDENTE VARGAS                   CENTRO         76300000CERES          GO0000000000000000                                                                       
1040001300006R 01000000000000000000000000000000000000000000000000215102018000000000000200                                                                                                                                                       
1040001300007P 0101298027300700000000000140000000000370171122037017          1511201800000000003300000000099N1309201821511201800000000000060000000000000000000000000000000000000000000000000000000037017                    3001029090000000000 
1040001300008Q 012030989803000181YHWH MAGALHAES FESTAS E FESTAS EIRELI   AV. PRESIDENTE VARGAS                   CENTRO         76300000CERES          GO0000000000000000                                                                       
1040001300009R 01000000000000000000000000000000000000000000000000215112018000000000000200                                                                                                                                                       
1040001300010P 0101298027300700000000000140000000000370181122037018          1512201800000000003300000000099N1309201821512201800000000000060000000000000000000000000000000000000000000000000000000037018                    3001029090000000000 
1040001300011Q 012030989803000181YHWH MAGALHAES FESTAS E FESTAS EIRELI   AV. PRESIDENTE VARGAS                   CENTRO         76300000CERES          GO0000000000000000                                                                       
1040001300012R 01000000000000000000000000000000000000000000000000215122018000000000000200                                                                                                                                                       
1040001300013P 0101298027300700000000000140000000000370191122037019          1501201900000000003300000000099N1309201821501201900000000000060000000000000000000000000000000000000000000000000000000037019                    3001029090000000000 
1040001300014Q 012030989803000181YHWH MAGALHAES FESTAS E FESTAS EIRELI   AV. PRESIDENTE VARGAS                   CENTRO         76300000CERES          GO0000000000000000                                                                       
1040001300015R 01000000000000000000000000000000000000000000000000215012019000000000000200                                                                                                                                                       
1040001300016P 0101298027300700000000000140000000000370201122037020          1502201900000000003300000000099N1309201821502201900000000000060000000000000000000000000000000000000000000000000000000037020                    3001029090000000000 
1040001300017Q 012030989803000181YHWH MAGALHAES FESTAS E FESTAS EIRELI   AV. PRESIDENTE VARGAS                   CENTRO         76300000CERES          GO0000000000000000                                                                       
1040001300018R 01000000000000000000000000000000000000000000000000215022019000000000000200                                                                                                                                                       
1040001300019P 0101298027300700000000000140000000000370211122037021          1503201900000000003300000000099N1309201821503201900000000000060000000000000000000000000000000000000000000000000000000037021                    3001029090000000000 
1040001300020Q 012030989803000181YHWH MAGALHAES FESTAS E FESTAS EIRELI   AV. PRESIDENTE VARGAS                   CENTRO         76300000CERES          GO0000000000000000                                                                       
1040001300021R 01000000000000000000000000000000000000000000000000215032019000000000000200                                                                                                                                                       
1040001300022P 0101298027300700000000000140000000000370221122037022          1504201900000000003300000000099N1309201821504201900000000000060000000000000000000000000000000000000000000000000000000037022                    3001029090000000000 
1040001300023Q 012030989803000181YHWH MAGALHAES FESTAS E FESTAS EIRELI   AV. PRESIDENTE VARGAS                   CENTRO         76300000CERES          GO0000000000000000                                                                       
1040001300024R 01000000000000000000000000000000000000000000000000215042019000000000000200                                                                                                                                                       
1040001300025P 0101298027300700000000000140000000000370231122037023          1505201900000000003300000000099N1309201821505201900000000000060000000000000000000000000000000000000000000000000000000037023                    3001029090000000000 
1040001300026Q 012030989803000181YHWH MAGALHAES FESTAS E FESTAS EIRELI   AV. PRESIDENTE VARGAS                   CENTRO         76300000CERES          GO0000000000000000                                                                       
1040001300027R 01000000000000000000000000000000000000000000000000215052019000000000000200                                                                                                                                                       
1040001300028P 0101298027300700000000000140000000000370241122037024          1506201900000000003300000000099N1309201821506201900000000000060000000000000000000000000000000000000000000000000000000037024                    3001029090000000000 
1040001300029Q 012030989803000181YHWH MAGALHAES FESTAS E FESTAS EIRELI   AV. PRESIDENTE VARGAS                   CENTRO         76300000CERES          GO0000000000000000                                                                       
1040001300030R 01000000000000000000000000000000000000000000000000215062019000000000000200                                                                                                                                                       
1040001300031P 0101298027300700000000000140000000000370251122037025          1507201900000000003300000000099N1309201821507201900000000000060000000000000000000000000000000000000000000000000000000037025                    3001029090000000000 
1040001300032Q 012030989803000181YHWH MAGALHAES FESTAS E FESTAS EIRELI   AV. PRESIDENTE VARGAS                   CENTRO         76300000CERES          GO0000000000000000                                                                       
1040001300033R 01000000000000000000000000000000000000000000000000215072019000000000000200                                                                                                                                                       
1040001300034P 0101298027300700000000000140000000000370261122037026          1508201900000000003300000000099N1309201821508201900000000000060000000000000000000000000000000000000000000000000000000037026                    3001029090000000000 
1040001300035Q 012030989803000181YHWH MAGALHAES FESTAS E FESTAS EIRELI   AV. PRESIDENTE VARGAS                   CENTRO         76300000CERES          GO0000000000000000                                                                       
1040001300036R 01000000000000000000000000000000000000000000000000215082019000000000000200                                                                                                                                                       
1040001300037P 0101298027300700000000000140000000000370271122037027          1509201900000000003300000000099N1309201821509201900000000000060000000000000000000000000000000000000000000000000000000037027                    3001029090000000000 
1040001300038Q 012030989803000181YHWH MAGALHAES FESTAS E FESTAS EIRELI   AV. PRESIDENTE VARGAS                   CENTRO         76300000CERES          GO0000000000000000                                                                       
1040001300039R 01000000000000000000000000000000000000000000000000215092019000000000000200                                                                                                                                                       
10400015         000041000013000000000004960000000000000000000000000000000000000000000000000                                                                                                                                                    
10499999         000001000043                                                                                                                                                                                                                   