10400000         2116559540001590000000000000000000001298027300700000000FEDERAL SISTEMAS              CAIXA ECONOMICA FEDERAL                 12103201814575600004505000000                    REMESSA-PRODUCAO                                 
10400011R0100030 20116559540001592730070000000000000001298027300700000000FEDERAL SISTEMAS                                                                                              000000452103201800000000                                 
1040001300001P 0101298027300700000000000140000000000279641122027964          1004201800000000006700000000099N2003201821004201800000000000060000000000000000000000000000000000000000000000000000000027964                    3001090090000000000 
1040001300002Q 011000001950170136ANTONYMAR MENEZES SILVA                 AVENIDA GERALDO DIAS DE CARVALHO        CENTRO         76315000RIANAPOLIS     GO0000000000000000                                                                       
1040001300003R 01000000000000000000000000000000000000000000000000210042018000000000000200                                                                                                                                                       
1040001300004P 0101298027300700000000000140000000000279651122027965          2103201800000000002360000000099N2003201822103201800000000000060000000000000000000000000000000000000000000000000000000027965                    3001090090000000000 
1040001300005Q 012020021701000114KCM TRANSPORTES E LOCACOES LTDA - ME    RUA 37                                  CENTRO         76380000                 0000000000000000                                                                       
1040001300006R 01000000000000000000000000000000000000000000000000221032018000000000000200                                                                                                                                                       
1040001300007P 0101298027300700000000000140000000000279661122027966          0204201800000000005000000000099N2003201820204201800000000000060000000000000000000000000000000000000000000000000000000027966                    3001090090000000000 
1040001300008Q 012024350887000106AJ DA SILVA - SERVICOS - ME             RUA JOSE CARRILHO                       CENTRO         76380000GOIANESIA      GO0000000000000000                                                                       
1040001300009R 01000000000000000000000000000000000000000000000000202042018000000000000200                                                                                                                                                       
1040001300010P 0101298027300700000000000140000000000279671122027967          2004201800000000001180000000099N2003201822004201800000000000060000000000000000000000000000000000000000000000000000000027967                    3001090090000000000 
1040001300011Q 012024350887000106AJ DA SILVA - SERVICOS - ME             RUA JOSE CARRILHO                       CENTRO         76380000GOIANESIA      GO0000000000000000                                                                       
1040001300012R 01000000000000000000000000000000000000000000000000220042018000000000000200                                                                                                                                                       
1040001300013P 0101298027300700000000000140000000000279681122027968          2005201800000000001180000000099N2003201822005201800000000000060000000000000000000000000000000000000000000000000000000027968                    3001090090000000000 
1040001300014Q 012024350887000106AJ DA SILVA - SERVICOS - ME             RUA JOSE CARRILHO                       CENTRO         76380000GOIANESIA      GO0000000000000000                                                                       
1040001300015R 01000000000000000000000000000000000000000000000000220052018000000000000200                                                                                                                                                       
1040001300016P 0101298027300700000000000140000000000279691122027969          2006201800000000001180000000099N2003201822006201800000000000060000000000000000000000000000000000000000000000000000000027969                    3001090090000000000 
1040001300017Q 012024350887000106AJ DA SILVA - SERVICOS - ME             RUA JOSE CARRILHO                       CENTRO         76380000GOIANESIA      GO0000000000000000                                                                       
1040001300018R 01000000000000000000000000000000000000000000000000220062018000000000000200                                                                                                                                                       
1040001300019P 0101298027300700000000000140000000000279701122027970          2007201800000000001180000000099N2003201822007201800000000000060000000000000000000000000000000000000000000000000000000027970                    3001090090000000000 
1040001300020Q 012024350887000106AJ DA SILVA - SERVICOS - ME             RUA JOSE CARRILHO                       CENTRO         76380000GOIANESIA      GO0000000000000000                                                                       
1040001300021R 01000000000000000000000000000000000000000000000000220072018000000000000200                                                                                                                                                       
1040001300022P 0101298027300700000000000140000000000279711122027971          2008201800000000001180000000099N2003201822008201800000000000060000000000000000000000000000000000000000000000000000000027971                    3001090090000000000 
1040001300023Q 012024350887000106AJ DA SILVA - SERVICOS - ME             RUA JOSE CARRILHO                       CENTRO         76380000GOIANESIA      GO0000000000000000                                                                       
1040001300024R 01000000000000000000000000000000000000000000000000220082018000000000000200                                                                                                                                                       
1040001300025P 0101298027300700000000000140000000000279721122027972          2009201800000000001180000000099N2003201822009201800000000000060000000000000000000000000000000000000000000000000000000027972                    3001090090000000000 
1040001300026Q 012024350887000106AJ DA SILVA - SERVICOS - ME             RUA JOSE CARRILHO                       CENTRO         76380000GOIANESIA      GO0000000000000000                                                                       
1040001300027R 01000000000000000000000000000000000000000000000000220092018000000000000200                                                                                                                                                       
1040001300028P 0101298027300700000000000140000000000279731122027973          2010201800000000001180000000099N2003201822010201800000000000060000000000000000000000000000000000000000000000000000000027973                    3001090090000000000 
1040001300029Q 012024350887000106AJ DA SILVA - SERVICOS - ME             RUA JOSE CARRILHO                       CENTRO         76380000GOIANESIA      GO0000000000000000                                                                       
1040001300030R 01000000000000000000000000000000000000000000000000220102018000000000000200                                                                                                                                                       
1040001300031P 0101298027300700000000000140000000000279741122027974          2011201800000000001180000000099N2003201822011201800000000000060000000000000000000000000000000000000000000000000000000027974                    3001090090000000000 
1040001300032Q 012024350887000106AJ DA SILVA - SERVICOS - ME             RUA JOSE CARRILHO                       CENTRO         76380000GOIANESIA      GO0000000000000000                                                                       
1040001300033R 01000000000000000000000000000000000000000000000000220112018000000000000200                                                                                                                                                       
1040001300034P 0101298027300700000000000140000000000279751122027975          2012201800000000001180000000099N2003201822012201800000000000060000000000000000000000000000000000000000000000000000000027975                    3001090090000000000 
1040001300035Q 012024350887000106AJ DA SILVA - SERVICOS - ME             RUA JOSE CARRILHO                       CENTRO         76380000GOIANESIA      GO0000000000000000                                                                       
1040001300036R 01000000000000000000000000000000000000000000000000220122018000000000000200                                                                                                                                                       
1040001300037P 0101298027300700000000000140000000000279761122027976          2001201900000000001180000000099N2003201822001201900000000000060000000000000000000000000000000000000000000000000000000027976                    3001090090000000000 
1040001300038Q 012024350887000106AJ DA SILVA - SERVICOS - ME             RUA JOSE CARRILHO                       CENTRO         76380000GOIANESIA      GO0000000000000000                                                                       
1040001300039R 01000000000000000000000000000000000000000000000000220012019000000000000200                                                                                                                                                       
1040001300040P 0101298027300700000000000140000000000279771122027977          2002201900000000001180000000099N2003201822002201900000000000060000000000000000000000000000000000000000000000000000000027977                    3001090090000000000 
1040001300041Q 012024350887000106AJ DA SILVA - SERVICOS - ME             RUA JOSE CARRILHO                       CENTRO         76380000GOIANESIA      GO0000000000000000                                                                       
1040001300042R 01000000000000000000000000000000000000000000000000220022019000000000000200                                                                                                                                                       
1040001300043P 0101298027300700000000000140000000000279781122027978          2003201900000000001180000000099N2003201822003201900000000000060000000000000000000000000000000000000000000000000000000027978                    3001090090000000000 
1040001300044Q 012024350887000106AJ DA SILVA - SERVICOS - ME             RUA JOSE CARRILHO                       CENTRO         76380000GOIANESIA      GO0000000000000000                                                                       
1040001300045R 01000000000000000000000000000000000000000000000000220032019000000000000200                                                                                                                                                       
1040001300046P 0101298027300700000000000140000000000279791122027979          2712201800000000000500000000099N2003201822712201800000000000060000000000000000000000000000000000000000000000000000000027979                    3001090090000000000 
1040001300047Q 011000001693702169AMIR ROCHA DA SILVA                     RUA 31                                  CENTRO         76380000GOIANESIA      GO0000000000000000                                                                       
1040001300048R 01000000000000000000000000000000000000000000000000227122018000000000000200                                                                                                                                                       
1040001300049P 0101298027300700000000000140000000000279811122027981          2001201800000000001960000000099N2003201822001201800000000000060000000000000000000000000000000000000000000000000000000027981                    3001090090000000000 
1040001300050Q 012009494991000180SOUSA & GONCALVES SERVICOS LTDA - ME    AV CONTORNO N 207                       SAO CRISTOVAO  76380000GOIANESIA      GO0000000000000000                                                                       
1040001300051R 01000000000000000000000000000000000000000000000000220012018000000000000200                                                                                                                                                       
1040001300052P 0101298027300700000000000140000000000279821122027982          2002201800000000003540000000099N2003201822002201800000000000060000000000000000000000000000000000000000000000000000000027982                    3001090090000000000 
1040001300053Q 012009494991000180SOUSA & GONCALVES SERVICOS LTDA - ME    AV CONTORNO N 207                       SAO CRISTOVAO  76380000GOIANESIA      GO0000000000000000                                                                       
1040001300054R 01000000000000000000000000000000000000000000000000220022018000000000000200                                                                                                                                                       
1040001300055P 0101298027300700000000000140000000000279841122027984          2004201800000000005310000000099N2003201822004201800000000000060000000000000000000000000000000000000000000000000000000027984                    3001090090000000000 
1040001300056Q 012009494991000180SOUSA & GONCALVES SERVICOS LTDA - ME    AV CONTORNO N 207                       SAO CRISTOVAO  76380000GOIANESIA      GO0000000000000000                                                                       
1040001300057R 01000000000000000000000000000000000000000000000000220042018000000000000200                                                                                                                                                       
1040001300058P 0101298027300700000000000140000000000279851122027985          2005201800000000005310000000099N2003201822005201800000000000060000000000000000000000000000000000000000000000000000000027985                    3001090090000000000 
1040001300059Q 012009494991000180SOUSA & GONCALVES SERVICOS LTDA - ME    AV CONTORNO N 207                       SAO CRISTOVAO  76380000GOIANESIA      GO0000000000000000                                                                       
1040001300060R 01000000000000000000000000000000000000000000000000220052018000000000000200                                                                                                                                                       
1040001300061P 0101298027300700000000000140000000000279861122027986          2006201800000000005310000000099N2003201822006201800000000000060000000000000000000000000000000000000000000000000000000027986                    3001090090000000000 
1040001300062Q 012009494991000180SOUSA & GONCALVES SERVICOS LTDA - ME    AV CONTORNO N 207                       SAO CRISTOVAO  76380000GOIANESIA      GO0000000000000000                                                                       
1040001300063R 01000000000000000000000000000000000000000000000000220062018000000000000200                                                                                                                                                       
1040001300064P 0101298027300700000000000140000000000279871122027987          2007201800000000005310000000099N2003201822007201800000000000060000000000000000000000000000000000000000000000000000000027987                    3001090090000000000 
1040001300065Q 012009494991000180SOUSA & GONCALVES SERVICOS LTDA - ME    AV CONTORNO N 207                       SAO CRISTOVAO  76380000GOIANESIA      GO0000000000000000                                                                       
1040001300066R 01000000000000000000000000000000000000000000000000220072018000000000000200                                                                                                                                                       
1040001300067P 0101298027300700000000000140000000000279881122027988          2008201800000000005310000000099N2003201822008201800000000000060000000000000000000000000000000000000000000000000000000027988                    3001090090000000000 
1040001300068Q 012009494991000180SOUSA & GONCALVES SERVICOS LTDA - ME    AV CONTORNO N 207                       SAO CRISTOVAO  76380000GOIANESIA      GO0000000000000000                                                                       
1040001300069R 01000000000000000000000000000000000000000000000000220082018000000000000200                                                                                                                                                       
1040001300070P 0101298027300700000000000140000000000279891122027989          2009201800000000005310000000099N2003201822009201800000000000060000000000000000000000000000000000000000000000000000000027989                    3001090090000000000 
1040001300071Q 012009494991000180SOUSA & GONCALVES SERVICOS LTDA - ME    AV CONTORNO N 207                       SAO CRISTOVAO  76380000GOIANESIA      GO0000000000000000                                                                       
1040001300072R 01000000000000000000000000000000000000000000000000220092018000000000000200                                                                                                                                                       
1040001300073P 0101298027300700000000000140000000000279901122027990          2010201800000000005310000000099N2003201822010201800000000000060000000000000000000000000000000000000000000000000000000027990                    3001090090000000000 
1040001300074Q 012009494991000180SOUSA & GONCALVES SERVICOS LTDA - ME    AV CONTORNO N 207                       SAO CRISTOVAO  76380000GOIANESIA      GO0000000000000000                                                                       
1040001300075R 01000000000000000000000000000000000000000000000000220102018000000000000200                                                                                                                                                       
1040001300076P 0101298027300700000000000140000000000279911122027991          2011201800000000005310000000099N2003201822011201800000000000060000000000000000000000000000000000000000000000000000000027991                    3001090090000000000 
1040001300077Q 012009494991000180SOUSA & GONCALVES SERVICOS LTDA - ME    AV CONTORNO N 207                       SAO CRISTOVAO  76380000GOIANESIA      GO0000000000000000                                                                       
1040001300078R 01000000000000000000000000000000000000000000000000220112018000000000000200                                                                                                                                                       
1040001300079P 0101298027300700000000000140000000000279921122027992          2012201800000000005310000000099N2003201822012201800000000000060000000000000000000000000000000000000000000000000000000027992                    3001090090000000000 
1040001300080Q 012009494991000180SOUSA & GONCALVES SERVICOS LTDA - ME    AV CONTORNO N 207                       SAO CRISTOVAO  76380000GOIANESIA      GO0000000000000000                                                                       
1040001300081R 01000000000000000000000000000000000000000000000000220122018000000000000200                                                                                                                                                       
10400015         000083000027000000000008201000000000000000000000000000000000000000000000000                                                                                                                                                    
10499999         000001000085                                                                                                                                                                                                                   