10400000         2116559540001590000000000000000000001298027300700000000FEDERAL SISTEMAS              CAIXA ECONOMICA FEDERAL                 10502201811321400000805000000                    REMESSA-PRODUCAO                                 
10400011R0100030 20116559540001592730070000000000000001298027300700000000FEDERAL SISTEMAS                                                                                              000000080502201800000000                                 
1040001300001P 0101298027300700000000000140000000000104291122010429          2005201700000000000590000000099N0907201722005201700000000000000000000000000000000000000000000000000000000000000000000010429                    3001700090000000000 
1040001300002Q 012010678772000130CAMARAO TRANPORTES LTDA-ME              RUA 22 N 261                            SANTA LUZIA    76380000GOIANESIA     GO0000000000000000                                                                       0
1040001300003R 01000000000000000000000000000000000000000000000000220052017000000000000200                                                                                                                                                       
1040001300004P 0101298027300700000000000140000000000215481122021548          2002201800000000000590000000099N1711201722002201800000000000000000000000000000000000000000000000000000000000000000000021548                    3001700090000000000 
1040001300005Q 012010678772000130CAMARAO TRANPORTES LTDA-ME              RUA 22 N 261                            SANTA LUZIA    76380000GOIANESIA     GO0000000000000000                                                                       0
1040001300006R 01000000000000000000000000000000000000000000000000220022018000000000000200                                                                                                                                                       
1040001300007P 0101298027300700000000000140000000000215491122021549          2003201800000000000590000000099N1711201722003201800000000000000000000000000000000000000000000000000000000000000000000021549                    3001700090000000000 
1040001300008Q 012010678772000130CAMARAO TRANPORTES LTDA-ME              RUA 22 N 261                            SANTA LUZIA    76380000GOIANESIA     GO0000000000000000                                                                       0
1040001300009R 01000000000000000000000000000000000000000000000000220032018000000000000200                                                                                                                                                       
1040001300010P 0101298027300700000000000140000000000215501122021550          2004201800000000000590000000099N1711201722004201800000000000000000000000000000000000000000000000000000000000000000000021550                    3001700090000000000 
1040001300011Q 012010678772000130CAMARAO TRANPORTES LTDA-ME              RUA 22 N 261                            SANTA LUZIA    76380000GOIANESIA     GO0000000000000000                                                                       0
1040001300012R 01000000000000000000000000000000000000000000000000220042018000000000000200                                                                                                                                                       
1040001300013P 0101298027300700000000000140000000000215511122021551          2005201800000000000590000000099N1711201722005201800000000000000000000000000000000000000000000000000000000000000000000021551                    3001700090000000000 
1040001300014Q 012010678772000130CAMARAO TRANPORTES LTDA-ME              RUA 22 N 261                            SANTA LUZIA    76380000GOIANESIA     GO0000000000000000                                                                       0
1040001300015R 01000000000000000000000000000000000000000000000000220052018000000000000200                                                                                                                                                       
1040001300016P 0101298027300700000000000140000000000215521122021552          2006201800000000000590000000099N1711201722006201800000000000000000000000000000000000000000000000000000000000000000000021552                    3001700090000000000 
1040001300017Q 012010678772000130CAMARAO TRANPORTES LTDA-ME              RUA 22 N 261                            SANTA LUZIA    76380000GOIANESIA     GO0000000000000000                                                                       0
1040001300018R 01000000000000000000000000000000000000000000000000220062018000000000000200                                                                                                                                                       
1040001300019P 0101298027300700000000000140000000000215531122021553          2007201800000000000590000000099N1711201722007201800000000000000000000000000000000000000000000000000000000000000000000021553                    3001700090000000000 
1040001300020Q 012010678772000130CAMARAO TRANPORTES LTDA-ME              RUA 22 N 261                            SANTA LUZIA    76380000GOIANESIA     GO0000000000000000                                                                       0
1040001300021R 01000000000000000000000000000000000000000000000000220072018000000000000200                                                                                                                                                       
1040001300022P 0101298027300700000000000140000000000215541122021554          2008201800000000000590000000099N1711201722008201800000000000000000000000000000000000000000000000000000000000000000000021554                    3001700090000000000 
1040001300023Q 012010678772000130CAMARAO TRANPORTES LTDA-ME              RUA 22 N 261                            SANTA LUZIA    76380000GOIANESIA     GO0000000000000000                                                                       0
1040001300024R 01000000000000000000000000000000000000000000000000220082018000000000000200                                                                                                                                                       
1040001300025P 0101298027300700000000000140000000000215551122021555          2009201800000000000590000000099N1711201722009201800000000000000000000000000000000000000000000000000000000000000000000021555                    3001700090000000000 
1040001300026Q 012010678772000130CAMARAO TRANPORTES LTDA-ME              RUA 22 N 261                            SANTA LUZIA    76380000GOIANESIA     GO0000000000000000                                                                       0
1040001300027R 01000000000000000000000000000000000000000000000000220092018000000000000200                                                                                                                                                       
1040001300028P 0101298027300700000000000140000000000215561122021556          2010201800000000000590000000099N1711201722010201800000000000000000000000000000000000000000000000000000000000000000000021556                    3001700090000000000 
1040001300029Q 012010678772000130CAMARAO TRANPORTES LTDA-ME              RUA 22 N 261                            SANTA LUZIA    76380000GOIANESIA     GO0000000000000000                                                                       0
1040001300030R 01000000000000000000000000000000000000000000000000220102018000000000000200                                                                                                                                                       
1040001300031P 0101298027300700000000000140000000000215571122021557          2011201800000000000590000000099N1711201722011201800000000000000000000000000000000000000000000000000000000000000000000021557                    3001700090000000000 
1040001300032Q 012010678772000130CAMARAO TRANPORTES LTDA-ME              RUA 22 N 261                            SANTA LUZIA    76380000GOIANESIA     GO0000000000000000                                                                       0
1040001300033R 01000000000000000000000000000000000000000000000000220112018000000000000200                                                                                                                                                       
1040001300034P 0101298027300700000000000140000000000215581122021558          2012201800000000000590000000099N1711201722012201800000000000000000000000000000000000000000000000000000000000000000000021558                    3001700090000000000 
1040001300035Q 012010678772000130CAMARAO TRANPORTES LTDA-ME              RUA 22 N 261                            SANTA LUZIA    76380000GOIANESIA     GO0000000000000000                                                                       0
1040001300036R 01000000000000000000000000000000000000000000000000220122018000000000000200                                                                                                                                                       
10400015         000038000012000000000000708000000000000000000000000000000000000000000000000                                                                                                                                                    
10499999         000001000040                                                                                                                                                                                                                   