10400000         2116559540001590000000000000000000001298027300700000000FEDERAL SISTEMAS              CAIXA ECONOMICA FEDERAL                 11604201817151700007605000000                    REMESSA-PRODUCAO                                 
10400011R0100030 20116559540001592730070000000000000001298027300700000000FEDERAL SISTEMAS                                                                                              000000761604201800000000                                 
1040001300001P 0101298027300700000000000140000000000295841122029584          1504201800000000002500000000099N1404201821504201800000000000060000000000000000000000000000000000000000000000000000000029584                    3001090090000000000 
1040001300002Q 011000002640755102WANDERSON JOSE DOS SANTOS TAVARES       RUA BOTAFOGO                            COLINA PARQUE  76380000                 0000000000000000                                                                       
1040001300003R 01000000000000000000000000000000000000000000000000215042018000000000000200                                                                                                                                                       
1040001300004P 0101298027300700000000000140000000000295851122029585          1605201800000000000750000000099N1404201821605201800000000000060000000000000000000000000000000000000000000000000000000029585                    3001090090000000000 
1040001300005Q 011000002640755102WANDERSON JOSE DOS SANTOS TAVARES       RUA BOTAFOGO                            COLINA PARQUE  76380000                 0000000000000000                                                                       
1040001300006R 01000000000000000000000000000000000000000000000000216052018000000000000200                                                                                                                                                       
1040001300007P 0101298027300700000000000140000000000295861122029586          1606201800000000000750000000099N1404201821606201800000000000060000000000000000000000000000000000000000000000000000000029586                    3001090090000000000 
1040001300008Q 011000002640755102WANDERSON JOSE DOS SANTOS TAVARES       RUA BOTAFOGO                            COLINA PARQUE  76380000                 0000000000000000                                                                       
1040001300009R 01000000000000000000000000000000000000000000000000216062018000000000000200                                                                                                                                                       
1040001300010P 0101298027300700000000000140000000000295871122029587          1607201800000000000750000000099N1404201821607201800000000000060000000000000000000000000000000000000000000000000000000029587                    3001090090000000000 
1040001300011Q 011000002640755102WANDERSON JOSE DOS SANTOS TAVARES       RUA BOTAFOGO                            COLINA PARQUE  76380000                 0000000000000000                                                                       
1040001300012R 01000000000000000000000000000000000000000000000000216072018000000000000200                                                                                                                                                       
1040001300013P 0101298027300700000000000140000000000295881122029588          1608201800000000000750000000099N1404201821608201800000000000060000000000000000000000000000000000000000000000000000000029588                    3001090090000000000 
1040001300014Q 011000002640755102WANDERSON JOSE DOS SANTOS TAVARES       RUA BOTAFOGO                            COLINA PARQUE  76380000                 0000000000000000                                                                       
1040001300015R 01000000000000000000000000000000000000000000000000216082018000000000000200                                                                                                                                                       
1040001300016P 0101298027300700000000000140000000000295891122029589          1609201800000000000750000000099N1404201821609201800000000000060000000000000000000000000000000000000000000000000000000029589                    3001090090000000000 
1040001300017Q 011000002640755102WANDERSON JOSE DOS SANTOS TAVARES       RUA BOTAFOGO                            COLINA PARQUE  76380000                 0000000000000000                                                                       
1040001300018R 01000000000000000000000000000000000000000000000000216092018000000000000200                                                                                                                                                       
1040001300019P 0101298027300700000000000140000000000295901122029590          1610201800000000000750000000099N1404201821610201800000000000060000000000000000000000000000000000000000000000000000000029590                    3001090090000000000 
1040001300020Q 011000002640755102WANDERSON JOSE DOS SANTOS TAVARES       RUA BOTAFOGO                            COLINA PARQUE  76380000                 0000000000000000                                                                       
1040001300021R 01000000000000000000000000000000000000000000000000216102018000000000000200                                                                                                                                                       
1040001300022P 0101298027300700000000000140000000000295911122029591          1611201800000000000750000000099N1404201821611201800000000000060000000000000000000000000000000000000000000000000000000029591                    3001090090000000000 
1040001300023Q 011000002640755102WANDERSON JOSE DOS SANTOS TAVARES       RUA BOTAFOGO                            COLINA PARQUE  76380000                 0000000000000000                                                                       
1040001300024R 01000000000000000000000000000000000000000000000000216112018000000000000200                                                                                                                                                       
1040001300025P 0101298027300700000000000140000000000295921122029592          1612201800000000000750000000099N1404201821612201800000000000060000000000000000000000000000000000000000000000000000000029592                    3001090090000000000 
1040001300026Q 011000002640755102WANDERSON JOSE DOS SANTOS TAVARES       RUA BOTAFOGO                            COLINA PARQUE  76380000                 0000000000000000                                                                       
1040001300027R 01000000000000000000000000000000000000000000000000216122018000000000000200                                                                                                                                                       
1040001300028P 0101298027300700000000000140000000000295931122029593          1601201900000000000750000000099N1404201821601201900000000000060000000000000000000000000000000000000000000000000000000029593                    3001090090000000000 
1040001300029Q 011000002640755102WANDERSON JOSE DOS SANTOS TAVARES       RUA BOTAFOGO                            COLINA PARQUE  76380000                 0000000000000000                                                                       
1040001300030R 01000000000000000000000000000000000000000000000000216012019000000000000200                                                                                                                                                       
1040001300031P 0101298027300700000000000140000000000295941122029594          1602201900000000000750000000099N1404201821602201900000000000060000000000000000000000000000000000000000000000000000000029594                    3001090090000000000 
1040001300032Q 011000002640755102WANDERSON JOSE DOS SANTOS TAVARES       RUA BOTAFOGO                            COLINA PARQUE  76380000                 0000000000000000                                                                       
1040001300033R 01000000000000000000000000000000000000000000000000216022019000000000000200                                                                                                                                                       
1040001300034P 0101298027300700000000000140000000000295951122029595          1603201900000000000750000000099N1404201821603201900000000000060000000000000000000000000000000000000000000000000000000029595                    3001090090000000000 
1040001300035Q 011000002640755102WANDERSON JOSE DOS SANTOS TAVARES       RUA BOTAFOGO                            COLINA PARQUE  76380000                 0000000000000000                                                                       
1040001300036R 01000000000000000000000000000000000000000000000000216032019000000000000200                                                                                                                                                       
1040001300037P 0101298027300700000000000140000000000295961122029596          1604201900000000000750000000099N1404201821604201900000000000060000000000000000000000000000000000000000000000000000000029596                    3001090090000000000 
1040001300038Q 011000002640755102WANDERSON JOSE DOS SANTOS TAVARES       RUA BOTAFOGO                            COLINA PARQUE  76380000                 0000000000000000                                                                       
1040001300039R 01000000000000000000000000000000000000000000000000216042019000000000000200                                                                                                                                                       
10400015         000041000013000000000001150000000000000000000000000000000000000000000000000                                                                                                                                                    
10499999         000001000043                                                                                                                                                                                                                   