10400000         2116559540001590000000000000000000001298027300700000000FEDERAL SISTEMAS              CAIXA ECONOMICA FEDERAL                 10504201818124900007205000000                    REMESSA-PRODUCAO                                 
10400011R0100030 20116559540001592730070000000000000001298027300700000000FEDERAL SISTEMAS                                                                                              000000720504201800000000                                 
1040001300001P 0101298027300700000000000140000000000291781122029178          0504201800000000000300000000099N0504201820504201800000000000060000000000000000000000000000000000000000000000000000000029178                    3001090090000000000 
1040001300002Q 011000080598935649DAILTON LUIS RODRIGUES                  AV. ERNESTO LOPES                       CENTRO         36550000COIMBRA        MG0000000000000000                                                                       
1040001300003R 01000000000000000000000000000000000000000000000000205042018000000000000200                                                                                                                                                       
1040001300004P 0101298027300700000000000140000000000291791122029179          0504201800000000000300000000099N0504201820504201800000000000060000000000000000000000000000000000000000000000000000000029179                    3001090090000000000 
1040001300005Q 012028130754000185JULIANO REIS DE OLIVEIRA                RUA MADRE MARIA GEMA DE JESUS           JD. DA GRANJA  12227180SAO JOSE DOS CASP0000000000000000                                                                       
1040001300006R 01000000000000000000000000000000000000000000000000205042018000000000000200                                                                                                                                                       
1040001300007P 0101298027300700000000000140000000000291801122029180          0604201800000000000500000000099N0504201820604201800000000000060000000000000000000000000000000000000000000000000000000029180                    3001090090000000000 
1040001300008Q 012028993534000185CONDOMINIO RESIDENCIAL FLAMBOYANT       RUA 12 OESTE                            RESIDENCIAL PAR76386046GOIANESIA      GO0000000000000000                                                                       
1040001300009R 01000000000000000000000000000000000000000000000000206042018000000000000200                                                                                                                                                       
1040001300010P 0101298027300700000000000140000000000291811122029181          0504201800000000000250000000099N0504201820504201800000000000060000000000000000000000000000000000000000000000000000000029181                    3001090090000000000 
1040001300011Q 012007557318000117CENTRO DE IDIOMAS ANGLO AMERICANO       RUA 04 N 633                            CENTRO         76300000CERES          GO0000000000000000                                                                       
1040001300012R 01000000000000000000000000000000000000000000000000205042018000000000000200                                                                                                                                                       
1040001300013P 0101298027300700000000000140000000000291821122029182          1504201800000000002500000000099N0504201821504201800000000000060000000000000000000000000000000000000000000000000000000029182                    3001090090000000000 
1040001300014Q 012029518083000197BALTAZAR DE CAMPOS GOMES                RUA 1 N 198                             NOVA AURORA 3  76380000GOIANESIA      GO0000000000000000                                                                       
1040001300015R 01000000000000000000000000000000000000000000000000215042018000000000000200                                                                                                                                                       
1040001300016P 0101298027300700000000000140000000000291831122029183          1505201800000000000590000000099N0504201821505201800000000000060000000000000000000000000000000000000000000000000000000029183                    3001090090000000000 
1040001300017Q 012029518083000197BALTAZAR DE CAMPOS GOMES                RUA 1 N 198                             NOVA AURORA 3  76380000GOIANESIA      GO0000000000000000                                                                       
1040001300018R 01000000000000000000000000000000000000000000000000215052018000000000000200                                                                                                                                                       
1040001300019P 0101298027300700000000000140000000000291841122029184          1506201800000000000590000000099N0504201821506201800000000000060000000000000000000000000000000000000000000000000000000029184                    3001090090000000000 
1040001300020Q 012029518083000197BALTAZAR DE CAMPOS GOMES                RUA 1 N 198                             NOVA AURORA 3  76380000GOIANESIA      GO0000000000000000                                                                       
1040001300021R 01000000000000000000000000000000000000000000000000215062018000000000000200                                                                                                                                                       
1040001300022P 0101298027300700000000000140000000000291851122029185          1507201800000000000590000000099N0504201821507201800000000000060000000000000000000000000000000000000000000000000000000029185                    3001090090000000000 
1040001300023Q 012029518083000197BALTAZAR DE CAMPOS GOMES                RUA 1 N 198                             NOVA AURORA 3  76380000GOIANESIA      GO0000000000000000                                                                       
1040001300024R 01000000000000000000000000000000000000000000000000215072018000000000000200                                                                                                                                                       
1040001300025P 0101298027300700000000000140000000000291861122029186          1508201800000000000590000000099N0504201821508201800000000000060000000000000000000000000000000000000000000000000000000029186                    3001090090000000000 
1040001300026Q 012029518083000197BALTAZAR DE CAMPOS GOMES                RUA 1 N 198                             NOVA AURORA 3  76380000GOIANESIA      GO0000000000000000                                                                       
1040001300027R 01000000000000000000000000000000000000000000000000215082018000000000000200                                                                                                                                                       
1040001300028P 0101298027300700000000000140000000000291871122029187          1509201800000000000590000000099N0504201821509201800000000000060000000000000000000000000000000000000000000000000000000029187                    3001090090000000000 
1040001300029Q 012029518083000197BALTAZAR DE CAMPOS GOMES                RUA 1 N 198                             NOVA AURORA 3  76380000GOIANESIA      GO0000000000000000                                                                       
1040001300030R 01000000000000000000000000000000000000000000000000215092018000000000000200                                                                                                                                                       
1040001300031P 0101298027300700000000000140000000000291881122029188          1510201800000000000590000000099N0504201821510201800000000000060000000000000000000000000000000000000000000000000000000029188                    3001090090000000000 
1040001300032Q 012029518083000197BALTAZAR DE CAMPOS GOMES                RUA 1 N 198                             NOVA AURORA 3  76380000GOIANESIA      GO0000000000000000                                                                       
1040001300033R 01000000000000000000000000000000000000000000000000215102018000000000000200                                                                                                                                                       
1040001300034P 0101298027300700000000000140000000000291891122029189          1511201800000000000590000000099N0504201821511201800000000000060000000000000000000000000000000000000000000000000000000029189                    3001090090000000000 
1040001300035Q 012029518083000197BALTAZAR DE CAMPOS GOMES                RUA 1 N 198                             NOVA AURORA 3  76380000GOIANESIA      GO0000000000000000                                                                       
1040001300036R 01000000000000000000000000000000000000000000000000215112018000000000000200                                                                                                                                                       
1040001300037P 0101298027300700000000000140000000000291901122029190          1512201800000000000590000000099N0504201821512201800000000000060000000000000000000000000000000000000000000000000000000029190                    3001090090000000000 
1040001300038Q 012029518083000197BALTAZAR DE CAMPOS GOMES                RUA 1 N 198                             NOVA AURORA 3  76380000GOIANESIA      GO0000000000000000                                                                       
1040001300039R 01000000000000000000000000000000000000000000000000215122018000000000000200                                                                                                                                                       
1040001300040P 0101298027300700000000000140000000000291911122029191          1501201900000000000590000000099N0504201821501201900000000000060000000000000000000000000000000000000000000000000000000029191                    3001090090000000000 
1040001300041Q 012029518083000197BALTAZAR DE CAMPOS GOMES                RUA 1 N 198                             NOVA AURORA 3  76380000GOIANESIA      GO0000000000000000                                                                       
1040001300042R 01000000000000000000000000000000000000000000000000215012019000000000000200                                                                                                                                                       
1040001300043P 0101298027300700000000000140000000000291921122029192          1502201900000000000590000000099N0504201821502201900000000000060000000000000000000000000000000000000000000000000000000029192                    3001090090000000000 
1040001300044Q 012029518083000197BALTAZAR DE CAMPOS GOMES                RUA 1 N 198                             NOVA AURORA 3  76380000GOIANESIA      GO0000000000000000                                                                       
1040001300045R 01000000000000000000000000000000000000000000000000215022019000000000000200                                                                                                                                                       
1040001300046P 0101298027300700000000000140000000000291931122029193          1503201900000000000590000000099N0504201821503201900000000000060000000000000000000000000000000000000000000000000000000029193                    3001090090000000000 
1040001300047Q 012029518083000197BALTAZAR DE CAMPOS GOMES                RUA 1 N 198                             NOVA AURORA 3  76380000GOIANESIA      GO0000000000000000                                                                       
1040001300048R 01000000000000000000000000000000000000000000000000215032019000000000000200                                                                                                                                                       
1040001300049P 0101298027300700000000000140000000000291941122029194          1504201900000000000590000000099N0504201821504201900000000000060000000000000000000000000000000000000000000000000000000029194                    3001090090000000000 
1040001300050Q 012029518083000197BALTAZAR DE CAMPOS GOMES                RUA 1 N 198                             NOVA AURORA 3  76380000GOIANESIA      GO0000000000000000                                                                       
1040001300051R 01000000000000000000000000000000000000000000000000215042019000000000000200                                                                                                                                                       
1040001300052P 0101298027300700000000000140000000000291951122029195          2006201800000000000590000000099N0504201822006201800000000000060000000000000000000000000000000000000000000000000000000029195                    3001090090000000000 
1040001300053Q 012010849140000192REGINALDO RODRIGUES DE SOUSA - ME       RUA 17 N 392                            UNIVERSITARIO  76380000GOIANESIA      GO0000000000000000                                                                       
1040001300054R 01000000000000000000000000000000000000000000000000220062018000000000000200                                                                                                                                                       
1040001300055P 0101298027300700000000000140000000000291961122029196          2007201800000000000590000000099N0504201822007201800000000000060000000000000000000000000000000000000000000000000000000029196                    3001090090000000000 
1040001300056Q 012010849140000192REGINALDO RODRIGUES DE SOUSA - ME       RUA 17 N 392                            UNIVERSITARIO  76380000GOIANESIA      GO0000000000000000                                                                       
1040001300057R 01000000000000000000000000000000000000000000000000220072018000000000000200                                                                                                                                                       
1040001300058P 0101298027300700000000000140000000000291971122029197          2008201800000000000590000000099N0504201822008201800000000000060000000000000000000000000000000000000000000000000000000029197                    3001090090000000000 
1040001300059Q 012010849140000192REGINALDO RODRIGUES DE SOUSA - ME       RUA 17 N 392                            UNIVERSITARIO  76380000GOIANESIA      GO0000000000000000                                                                       
1040001300060R 01000000000000000000000000000000000000000000000000220082018000000000000200                                                                                                                                                       
1040001300061P 0101298027300700000000000140000000000291981122029198          2009201800000000000590000000099N0504201822009201800000000000060000000000000000000000000000000000000000000000000000000029198                    3001090090000000000 
1040001300062Q 012010849140000192REGINALDO RODRIGUES DE SOUSA - ME       RUA 17 N 392                            UNIVERSITARIO  76380000GOIANESIA      GO0000000000000000                                                                       
1040001300063R 01000000000000000000000000000000000000000000000000220092018000000000000200                                                                                                                                                       
1040001300064P 0101298027300700000000000140000000000291991122029199          2010201800000000000590000000099N0504201822010201800000000000060000000000000000000000000000000000000000000000000000000029199                    3001090090000000000 
1040001300065Q 012010849140000192REGINALDO RODRIGUES DE SOUSA - ME       RUA 17 N 392                            UNIVERSITARIO  76380000GOIANESIA      GO0000000000000000                                                                       
1040001300066R 01000000000000000000000000000000000000000000000000220102018000000000000200                                                                                                                                                       
1040001300067P 0101298027300700000000000140000000000292001122029200          2011201800000000000590000000099N0504201822011201800000000000060000000000000000000000000000000000000000000000000000000029200                    3001090090000000000 
1040001300068Q 012010849140000192REGINALDO RODRIGUES DE SOUSA - ME       RUA 17 N 392                            UNIVERSITARIO  76380000GOIANESIA      GO0000000000000000                                                                       
1040001300069R 01000000000000000000000000000000000000000000000000220112018000000000000200                                                                                                                                                       
1040001300070P 0101298027300700000000000140000000000292011122029201          2012201800000000000590000000099N0504201822012201800000000000060000000000000000000000000000000000000000000000000000000029201                    3001090090000000000 
1040001300071Q 012010849140000192REGINALDO RODRIGUES DE SOUSA - ME       RUA 17 N 392                            UNIVERSITARIO  76380000GOIANESIA      GO0000000000000000                                                                       
1040001300072R 01000000000000000000000000000000000000000000000000220122018000000000000200                                                                                                                                                       
1040001300073P 0101298027300700000000000140000000000292021122029202          2001201900000000000590000000099N0504201822001201900000000000060000000000000000000000000000000000000000000000000000000029202                    3001090090000000000 
1040001300074Q 012010849140000192REGINALDO RODRIGUES DE SOUSA - ME       RUA 17 N 392                            UNIVERSITARIO  76380000GOIANESIA      GO0000000000000000                                                                       
1040001300075R 01000000000000000000000000000000000000000000000000220012019000000000000200                                                                                                                                                       
1040001300076P 0101298027300700000000000140000000000292031122029203          2002201900000000000590000000099N0504201822002201900000000000060000000000000000000000000000000000000000000000000000000029203                    3001090090000000000 
1040001300077Q 012010849140000192REGINALDO RODRIGUES DE SOUSA - ME       RUA 17 N 392                            UNIVERSITARIO  76380000GOIANESIA      GO0000000000000000                                                                       
1040001300078R 01000000000000000000000000000000000000000000000000220022019000000000000200                                                                                                                                                       
1040001300079P 0101298027300700000000000140000000000292041122029204          2003201900000000000590000000099N0504201822003201900000000000060000000000000000000000000000000000000000000000000000000029204                    3001090090000000000 
1040001300080Q 012010849140000192REGINALDO RODRIGUES DE SOUSA - ME       RUA 17 N 392                            UNIVERSITARIO  76380000GOIANESIA      GO0000000000000000                                                                       
1040001300081R 01000000000000000000000000000000000000000000000000220032019000000000000200                                                                                                                                                       
1040001300082P 0101298027300700000000000140000000000292051122029205          2004201900000000000590000000099N0504201822004201900000000000060000000000000000000000000000000000000000000000000000000029205                    3001090090000000000 
1040001300083Q 012010849140000192REGINALDO RODRIGUES DE SOUSA - ME       RUA 17 N 392                            UNIVERSITARIO  76380000GOIANESIA      GO0000000000000000                                                                       
1040001300084R 01000000000000000000000000000000000000000000000000220042019000000000000200                                                                                                                                                       
1040001300085P 0101298027300700000000000140000000000292061122029206          2005201900000000000590000000099N0504201822005201900000000000060000000000000000000000000000000000000000000000000000000029206                    3001090090000000000 
1040001300086Q 012010849140000192REGINALDO RODRIGUES DE SOUSA - ME       RUA 17 N 392                            UNIVERSITARIO  76380000GOIANESIA      GO0000000000000000                                                                       
1040001300087R 01000000000000000000000000000000000000000000000000220052019000000000000200                                                                                                                                                       
1040001300088P 0101298027300700000000000140000000000292071122029207          2506201800000000000590000000099N0504201822506201800000000000060000000000000000000000000000000000000000000000000000000029207                    3001090090000000000 
1040001300089Q 012010510389000179POLIZELLI TRANSPORTES LTDA  - ME        AVENIDA CONTORNO                        MUNIZ FALCAO   76380000GOIANESIA      GO0000000000000000                                                                       
1040001300090R 01000000000000000000000000000000000000000000000000225062018000000000000200                                                                                                                                                       
1040001300091P 0101298027300700000000000140000000000292081122029208          2507201800000000000590000000099N0504201822507201800000000000060000000000000000000000000000000000000000000000000000000029208                    3001090090000000000 
1040001300092Q 012010510389000179POLIZELLI TRANSPORTES LTDA  - ME        AVENIDA CONTORNO                        MUNIZ FALCAO   76380000GOIANESIA      GO0000000000000000                                                                       
1040001300093R 01000000000000000000000000000000000000000000000000225072018000000000000200                                                                                                                                                       
1040001300094P 0101298027300700000000000140000000000292091122029209          2508201800000000000590000000099N0504201822508201800000000000060000000000000000000000000000000000000000000000000000000029209                    3001090090000000000 
1040001300095Q 012010510389000179POLIZELLI TRANSPORTES LTDA  - ME        AVENIDA CONTORNO                        MUNIZ FALCAO   76380000GOIANESIA      GO0000000000000000                                                                       
1040001300096R 01000000000000000000000000000000000000000000000000225082018000000000000200                                                                                                                                                       
1040001300097P 0101298027300700000000000140000000000292101122029210          2509201800000000000590000000099N0504201822509201800000000000060000000000000000000000000000000000000000000000000000000029210                    3001090090000000000 
1040001300098Q 012010510389000179POLIZELLI TRANSPORTES LTDA  - ME        AVENIDA CONTORNO                        MUNIZ FALCAO   76380000GOIANESIA      GO0000000000000000                                                                       
1040001300099R 01000000000000000000000000000000000000000000000000225092018000000000000200                                                                                                                                                       
1040001300100P 0101298027300700000000000140000000000292111122029211          2510201800000000000590000000099N0504201822510201800000000000060000000000000000000000000000000000000000000000000000000029211                    3001090090000000000 
1040001300101Q 012010510389000179POLIZELLI TRANSPORTES LTDA  - ME        AVENIDA CONTORNO                        MUNIZ FALCAO   76380000GOIANESIA      GO0000000000000000                                                                       
1040001300102R 01000000000000000000000000000000000000000000000000225102018000000000000200                                                                                                                                                       
1040001300103P 0101298027300700000000000140000000000292121122029212          2511201800000000000590000000099N0504201822511201800000000000060000000000000000000000000000000000000000000000000000000029212                    3001090090000000000 
1040001300104Q 012010510389000179POLIZELLI TRANSPORTES LTDA  - ME        AVENIDA CONTORNO                        MUNIZ FALCAO   76380000GOIANESIA      GO0000000000000000                                                                       
1040001300105R 01000000000000000000000000000000000000000000000000225112018000000000000200                                                                                                                                                       
1040001300106P 0101298027300700000000000140000000000292131122029213          2512201800000000000590000000099N0504201822512201800000000000060000000000000000000000000000000000000000000000000000000029213                    3001090090000000000 
1040001300107Q 012010510389000179POLIZELLI TRANSPORTES LTDA  - ME        AVENIDA CONTORNO                        MUNIZ FALCAO   76380000GOIANESIA      GO0000000000000000                                                                       
1040001300108R 01000000000000000000000000000000000000000000000000225122018000000000000200                                                                                                                                                       
1040001300109P 0101298027300700000000000140000000000292141122029214          2501201900000000000590000000099N0504201822501201900000000000060000000000000000000000000000000000000000000000000000000029214                    3001090090000000000 
1040001300110Q 012010510389000179POLIZELLI TRANSPORTES LTDA  - ME        AVENIDA CONTORNO                        MUNIZ FALCAO   76380000GOIANESIA      GO0000000000000000                                                                       
1040001300111R 01000000000000000000000000000000000000000000000000225012019000000000000200                                                                                                                                                       
1040001300112P 0101298027300700000000000140000000000292151122029215          2502201900000000000590000000099N0504201822502201900000000000060000000000000000000000000000000000000000000000000000000029215                    3001090090000000000 
1040001300113Q 012010510389000179POLIZELLI TRANSPORTES LTDA  - ME        AVENIDA CONTORNO                        MUNIZ FALCAO   76380000GOIANESIA      GO0000000000000000                                                                       
1040001300114R 01000000000000000000000000000000000000000000000000225022019000000000000200                                                                                                                                                       
1040001300115P 0101298027300700000000000140000000000292161122029216          2503201900000000000590000000099N0504201822503201900000000000060000000000000000000000000000000000000000000000000000000029216                    3001090090000000000 
1040001300116Q 012010510389000179POLIZELLI TRANSPORTES LTDA  - ME        AVENIDA CONTORNO                        MUNIZ FALCAO   76380000GOIANESIA      GO0000000000000000                                                                       
1040001300117R 01000000000000000000000000000000000000000000000000225032019000000000000200                                                                                                                                                       
1040001300118P 0101298027300700000000000140000000000292171122029217          2504201900000000000590000000099N0504201822504201900000000000060000000000000000000000000000000000000000000000000000000029217                    3001090090000000000 
1040001300119Q 012010510389000179POLIZELLI TRANSPORTES LTDA  - ME        AVENIDA CONTORNO                        MUNIZ FALCAO   76380000GOIANESIA      GO0000000000000000                                                                       
1040001300120R 01000000000000000000000000000000000000000000000000225042019000000000000200                                                                                                                                                       
1040001300121P 0101298027300700000000000140000000000292181122029218          2505201900000000000590000000099N0504201822505201900000000000060000000000000000000000000000000000000000000000000000000029218                    3001090090000000000 
1040001300122Q 012010510389000179POLIZELLI TRANSPORTES LTDA  - ME        AVENIDA CONTORNO                        MUNIZ FALCAO   76380000GOIANESIA      GO0000000000000000                                                                       
1040001300123R 01000000000000000000000000000000000000000000000000225052019000000000000200                                                                                                                                                       
1040001300124P 0101298027300700000000000140000000000292191122029219          1007201800000000002000000000099N0504201821007201800000000000060000000000000000000000000000000000000000000000000000000029219                    3001090090000000000 
1040001300125Q 012001692763001002PINHEIROS VEICULOS LTDA                 RUA 17 A -17B N 297                     CENTRO         76300000CERES          GO0000000000000000                                                                       
1040001300126R 01000000000000000000000000000000000000000000000000210072018000000000000200                                                                                                                                                       
1040001300127P 0101298027300700000000000140000000000292201122029220          1008201800000000002000000000099N0504201821008201800000000000060000000000000000000000000000000000000000000000000000000029220                    3001090090000000000 
1040001300128Q 012001692763001002PINHEIROS VEICULOS LTDA                 RUA 17 A -17B N 297                     CENTRO         76300000CERES          GO0000000000000000                                                                       
1040001300129R 01000000000000000000000000000000000000000000000000210082018000000000000200                                                                                                                                                       
1040001300130P 0101298027300700000000000140000000000292211122029221          1009201800000000002000000000099N0504201821009201800000000000060000000000000000000000000000000000000000000000000000000029221                    3001090090000000000 
1040001300131Q 012001692763001002PINHEIROS VEICULOS LTDA                 RUA 17 A -17B N 297                     CENTRO         76300000CERES          GO0000000000000000                                                                       
1040001300132R 01000000000000000000000000000000000000000000000000210092018000000000000200                                                                                                                                                       
1040001300133P 0101298027300700000000000140000000000292221122029222          1010201800000000002000000000099N0504201821010201800000000000060000000000000000000000000000000000000000000000000000000029222                    3001090090000000000 
1040001300134Q 012001692763001002PINHEIROS VEICULOS LTDA                 RUA 17 A -17B N 297                     CENTRO         76300000CERES          GO0000000000000000                                                                       
1040001300135R 01000000000000000000000000000000000000000000000000210102018000000000000200                                                                                                                                                       
1040001300136P 0101298027300700000000000140000000000292231122029223          1011201800000000002000000000099N0504201821011201800000000000060000000000000000000000000000000000000000000000000000000029223                    3001090090000000000 
1040001300137Q 012001692763001002PINHEIROS VEICULOS LTDA                 RUA 17 A -17B N 297                     CENTRO         76300000CERES          GO0000000000000000                                                                       
1040001300138R 01000000000000000000000000000000000000000000000000210112018000000000000200                                                                                                                                                       
1040001300139P 0101298027300700000000000140000000000292241122029224          1012201800000000002000000000099N0504201821012201800000000000060000000000000000000000000000000000000000000000000000000029224                    3001090090000000000 
1040001300140Q 012001692763001002PINHEIROS VEICULOS LTDA                 RUA 17 A -17B N 297                     CENTRO         76300000CERES          GO0000000000000000                                                                       
1040001300141R 01000000000000000000000000000000000000000000000000210122018000000000000200                                                                                                                                                       
1040001300142P 0101298027300700000000000140000000000292251122029225          1001201900000000002000000000099N0504201821001201900000000000060000000000000000000000000000000000000000000000000000000029225                    3001090090000000000 
1040001300143Q 012001692763001002PINHEIROS VEICULOS LTDA                 RUA 17 A -17B N 297                     CENTRO         76300000CERES          GO0000000000000000                                                                       
1040001300144R 01000000000000000000000000000000000000000000000000210012019000000000000200                                                                                                                                                       
1040001300145P 0101298027300700000000000140000000000292261122029226          1002201900000000002000000000099N0504201821002201900000000000060000000000000000000000000000000000000000000000000000000029226                    3001090090000000000 
1040001300146Q 012001692763001002PINHEIROS VEICULOS LTDA                 RUA 17 A -17B N 297                     CENTRO         76300000CERES          GO0000000000000000                                                                       
1040001300147R 01000000000000000000000000000000000000000000000000210022019000000000000200                                                                                                                                                       
1040001300148P 0101298027300700000000000140000000000292271122029227          1003201900000000002000000000099N0504201821003201900000000000060000000000000000000000000000000000000000000000000000000029227                    3001090090000000000 
1040001300149Q 012001692763001002PINHEIROS VEICULOS LTDA                 RUA 17 A -17B N 297                     CENTRO         76300000CERES          GO0000000000000000                                                                       
1040001300150R 01000000000000000000000000000000000000000000000000210032019000000000000200                                                                                                                                                       
1040001300151P 0101298027300700000000000140000000000292281122029228          1004201900000000002000000000099N0504201821004201900000000000060000000000000000000000000000000000000000000000000000000029228                    3001090090000000000 
1040001300152Q 012001692763001002PINHEIROS VEICULOS LTDA                 RUA 17 A -17B N 297                     CENTRO         76300000CERES          GO0000000000000000                                                                       
1040001300153R 01000000000000000000000000000000000000000000000000210042019000000000000200                                                                                                                                                       
1040001300154P 0101298027300700000000000140000000000292291122029229          1005201900000000002000000000099N0504201821005201900000000000060000000000000000000000000000000000000000000000000000000029229                    3001090090000000000 
1040001300155Q 012001692763001002PINHEIROS VEICULOS LTDA                 RUA 17 A -17B N 297                     CENTRO         76300000CERES          GO0000000000000000                                                                       
1040001300156R 01000000000000000000000000000000000000000000000000210052019000000000000200                                                                                                                                                       
1040001300157P 0101298027300700000000000140000000000292301122029230          1006201900000000002000000000099N0504201821006201900000000000060000000000000000000000000000000000000000000000000000000029230                    3001090090000000000 
1040001300158Q 012001692763001002PINHEIROS VEICULOS LTDA                 RUA 17 A -17B N 297                     CENTRO         76300000CERES          GO0000000000000000                                                                       
1040001300159R 01000000000000000000000000000000000000000000000000210062019000000000000200                                                                                                                                                       
1040001300160P 0101298027300700000000000140000000000292311122029231          1007201800000000001500000000099N0504201821007201800000000000060000000000000000000000000000000000000000000000000000000029231                    3001090090000000000 
1040001300161Q 012001692763001002PINHEIROS VEICULOS LTDA                 RUA 17 A -17B N 297                     CENTRO         76300000CERES          GO0000000000000000                                                                       
1040001300162R 01000000000000000000000000000000000000000000000000210072018000000000000200                                                                                                                                                       
1040001300163P 0101298027300700000000000140000000000292321122029232          1008201800000000001500000000099N0504201821008201800000000000060000000000000000000000000000000000000000000000000000000029232                    3001090090000000000 
1040001300164Q 012001692763001002PINHEIROS VEICULOS LTDA                 RUA 17 A -17B N 297                     CENTRO         76300000CERES          GO0000000000000000                                                                       
1040001300165R 01000000000000000000000000000000000000000000000000210082018000000000000200                                                                                                                                                       
1040001300166P 0101298027300700000000000140000000000292331122029233          1009201800000000001500000000099N0504201821009201800000000000060000000000000000000000000000000000000000000000000000000029233                    3001090090000000000 
1040001300167Q 012001692763001002PINHEIROS VEICULOS LTDA                 RUA 17 A -17B N 297                     CENTRO         76300000CERES          GO0000000000000000                                                                       
1040001300168R 01000000000000000000000000000000000000000000000000210092018000000000000200                                                                                                                                                       
1040001300169P 0101298027300700000000000140000000000292341122029234          1010201800000000001500000000099N0504201821010201800000000000060000000000000000000000000000000000000000000000000000000029234                    3001090090000000000 
1040001300170Q 012001692763001002PINHEIROS VEICULOS LTDA                 RUA 17 A -17B N 297                     CENTRO         76300000CERES          GO0000000000000000                                                                       
1040001300171R 01000000000000000000000000000000000000000000000000210102018000000000000200                                                                                                                                                       
1040001300172P 0101298027300700000000000140000000000292351122029235          1011201800000000001500000000099N0504201821011201800000000000060000000000000000000000000000000000000000000000000000000029235                    3001090090000000000 
1040001300173Q 012001692763001002PINHEIROS VEICULOS LTDA                 RUA 17 A -17B N 297                     CENTRO         76300000CERES          GO0000000000000000                                                                       
1040001300174R 01000000000000000000000000000000000000000000000000210112018000000000000200                                                                                                                                                       
1040001300175P 0101298027300700000000000140000000000292361122029236          1012201800000000001500000000099N0504201821012201800000000000060000000000000000000000000000000000000000000000000000000029236                    3001090090000000000 
1040001300176Q 012001692763001002PINHEIROS VEICULOS LTDA                 RUA 17 A -17B N 297                     CENTRO         76300000CERES          GO0000000000000000                                                                       
1040001300177R 01000000000000000000000000000000000000000000000000210122018000000000000200                                                                                                                                                       
1040001300178P 0101298027300700000000000140000000000292371122029237          1001201900000000001500000000099N0504201821001201900000000000060000000000000000000000000000000000000000000000000000000029237                    3001090090000000000 
1040001300179Q 012001692763001002PINHEIROS VEICULOS LTDA                 RUA 17 A -17B N 297                     CENTRO         76300000CERES          GO0000000000000000                                                                       
1040001300180R 01000000000000000000000000000000000000000000000000210012019000000000000200                                                                                                                                                       
1040001300181P 0101298027300700000000000140000000000292381122029238          1002201900000000001500000000099N0504201821002201900000000000060000000000000000000000000000000000000000000000000000000029238                    3001090090000000000 
1040001300182Q 012001692763001002PINHEIROS VEICULOS LTDA                 RUA 17 A -17B N 297                     CENTRO         76300000CERES          GO0000000000000000                                                                       
1040001300183R 01000000000000000000000000000000000000000000000000210022019000000000000200                                                                                                                                                       
1040001300184P 0101298027300700000000000140000000000292391122029239          1003201900000000001500000000099N0504201821003201900000000000060000000000000000000000000000000000000000000000000000000029239                    3001090090000000000 
1040001300185Q 012001692763001002PINHEIROS VEICULOS LTDA                 RUA 17 A -17B N 297                     CENTRO         76300000CERES          GO0000000000000000                                                                       
1040001300186R 01000000000000000000000000000000000000000000000000210032019000000000000200                                                                                                                                                       
1040001300187P 0101298027300700000000000140000000000292401122029240          1004201900000000001500000000099N0504201821004201900000000000060000000000000000000000000000000000000000000000000000000029240                    3001090090000000000 
1040001300188Q 012001692763001002PINHEIROS VEICULOS LTDA                 RUA 17 A -17B N 297                     CENTRO         76300000CERES          GO0000000000000000                                                                       
1040001300189R 01000000000000000000000000000000000000000000000000210042019000000000000200                                                                                                                                                       
1040001300190P 0101298027300700000000000140000000000292411122029241          1005201900000000001500000000099N0504201821005201900000000000060000000000000000000000000000000000000000000000000000000029241                    3001090090000000000 
1040001300191Q 012001692763001002PINHEIROS VEICULOS LTDA                 RUA 17 A -17B N 297                     CENTRO         76300000CERES          GO0000000000000000                                                                       
1040001300192R 01000000000000000000000000000000000000000000000000210052019000000000000200                                                                                                                                                       
1040001300193P 0101298027300700000000000140000000000292421122029242          1006201900000000001500000000099N0504201821006201900000000000060000000000000000000000000000000000000000000000000000000029242                    3001090090000000000 
1040001300194Q 012001692763001002PINHEIROS VEICULOS LTDA                 RUA 17 A -17B N 297                     CENTRO         76300000CERES          GO0000000000000000                                                                       
1040001300195R 01000000000000000000000000000000000000000000000000210062019000000000000200                                                                                                                                                       
10400015         000197000065000000000006709000000000000000000000000000000000000000000000000                                                                                                                                                    
10499999         000001000199                                                                                                                                                                                                                   