10400000         2116559540001590000000000000000000001298027300700000000FEDERAL SISTEMAS              CAIXA ECONOMICA FEDERAL                 10406201806515500012205000000                    REMESSA-PRODUCAO                                 
10400011R0100030 20116559540001592730070000000000000001298027300700000000FEDERAL SISTEMAS                                                                                              000001220406201800000000                                 
1040001300001P 0101298027300700000000000140000000000314371122031437          0506201800000000002610000000099N0106201820506201800000000000060000000000000000000000000000000000000000000000000000000031437                    3001029090000000000 
1040001300002Q 012022550904000123PABLO EMERICK BAPTISTA 07465179718      AV SAO MIGUEL QUADRA                    RETIRO SAO JOAQ24813288ITABORAI       RJ0000000000000000                                                                       
1040001300003R 01000000000000000000000000000000000000000000000000205062018000000000000200                                                                                                                                                       
1040001300004P 0101298027300700000000000140000000000314381122031438          1006201800000000103427000000099N0106201821006201800000000000060000000000000000000000000000000000000000000000000000000031438                    3001029090000000000 
1040001300005Q 012002635522000195JALLES MACHADO SA                       FAZ SAO PEDRO ROD GO 080 KM 75 1        ZONA RURAL     76380000GOIANESIA      GO0000000000000000                                                                       
1040001300006R 01000000000000000000000000000000000000000000000000210062018000000000000200                                                                                                                                                       
1040001300007P 0101298027300700000000000140000000000314391122031439          2008201800000000000399000000099N0106201822008201800000000000060000000000000000000000000000000000000000000000000000000031439                    3001029090000000000 
1040001300008Q 011000097491810187RONALDO RODRIGUES PEIXOTO               RUA OLARIA QD57 LOTE26                  COLINA PARQUE  76380000GOIANESIA      GO0000000000000000                                                                       
1040001300009R 01000000000000000000000000000000000000000000000000220082018000000000000200                                                                                                                                                       
1040001300010P 0101298027300700000000000140000000000314401122031440          2009201800000000000399000000099N0106201822009201800000000000060000000000000000000000000000000000000000000000000000000031440                    3001029090000000000 
1040001300011Q 011000097491810187RONALDO RODRIGUES PEIXOTO               RUA OLARIA QD57 LOTE26                  COLINA PARQUE  76380000GOIANESIA      GO0000000000000000                                                                       
1040001300012R 01000000000000000000000000000000000000000000000000220092018000000000000200                                                                                                                                                       
1040001300013P 0101298027300700000000000140000000000314411122031441          2010201800000000000399000000099N0106201822010201800000000000060000000000000000000000000000000000000000000000000000000031441                    3001029090000000000 
1040001300014Q 011000097491810187RONALDO RODRIGUES PEIXOTO               RUA OLARIA QD57 LOTE26                  COLINA PARQUE  76380000GOIANESIA      GO0000000000000000                                                                       
1040001300015R 01000000000000000000000000000000000000000000000000220102018000000000000200                                                                                                                                                       
1040001300016P 0101298027300700000000000140000000000314421122031442          2011201800000000000399000000099N0106201822011201800000000000060000000000000000000000000000000000000000000000000000000031442                    3001029090000000000 
1040001300017Q 011000097491810187RONALDO RODRIGUES PEIXOTO               RUA OLARIA QD57 LOTE26                  COLINA PARQUE  76380000GOIANESIA      GO0000000000000000                                                                       
1040001300018R 01000000000000000000000000000000000000000000000000220112018000000000000200                                                                                                                                                       
1040001300019P 0101298027300700000000000140000000000314431122031443          2012201800000000000399000000099N0106201822012201800000000000060000000000000000000000000000000000000000000000000000000031443                    3001029090000000000 
1040001300020Q 011000097491810187RONALDO RODRIGUES PEIXOTO               RUA OLARIA QD57 LOTE26                  COLINA PARQUE  76380000GOIANESIA      GO0000000000000000                                                                       
1040001300021R 01000000000000000000000000000000000000000000000000220122018000000000000200                                                                                                                                                       
1040001300022P 0101298027300700000000000140000000000314441122031444          2001201900000000000399000000099N0106201822001201900000000000060000000000000000000000000000000000000000000000000000000031444                    3001029090000000000 
1040001300023Q 011000097491810187RONALDO RODRIGUES PEIXOTO               RUA OLARIA QD57 LOTE26                  COLINA PARQUE  76380000GOIANESIA      GO0000000000000000                                                                       
1040001300024R 01000000000000000000000000000000000000000000000000220012019000000000000200                                                                                                                                                       
1040001300025P 0101298027300700000000000140000000000314451122031445          2002201900000000000399000000099N0106201822002201900000000000060000000000000000000000000000000000000000000000000000000031445                    3001029090000000000 
1040001300026Q 011000097491810187RONALDO RODRIGUES PEIXOTO               RUA OLARIA QD57 LOTE26                  COLINA PARQUE  76380000GOIANESIA      GO0000000000000000                                                                       
1040001300027R 01000000000000000000000000000000000000000000000000220022019000000000000200                                                                                                                                                       
1040001300028P 0101298027300700000000000140000000000314461122031446          2003201900000000000399000000099N0106201822003201900000000000060000000000000000000000000000000000000000000000000000000031446                    3001029090000000000 
1040001300029Q 011000097491810187RONALDO RODRIGUES PEIXOTO               RUA OLARIA QD57 LOTE26                  COLINA PARQUE  76380000GOIANESIA      GO0000000000000000                                                                       
1040001300030R 01000000000000000000000000000000000000000000000000220032019000000000000200                                                                                                                                                       
1040001300031P 0101298027300700000000000140000000000314471122031447          2004201900000000000399000000099N0106201822004201900000000000060000000000000000000000000000000000000000000000000000000031447                    3001029090000000000 
1040001300032Q 011000097491810187RONALDO RODRIGUES PEIXOTO               RUA OLARIA QD57 LOTE26                  COLINA PARQUE  76380000GOIANESIA      GO0000000000000000                                                                       
1040001300033R 01000000000000000000000000000000000000000000000000220042019000000000000200                                                                                                                                                       
1040001300034P 0101298027300700000000000140000000000314481122031448          2005201900000000000399000000099N0106201822005201900000000000060000000000000000000000000000000000000000000000000000000031448                    3001029090000000000 
1040001300035Q 011000097491810187RONALDO RODRIGUES PEIXOTO               RUA OLARIA QD57 LOTE26                  COLINA PARQUE  76380000GOIANESIA      GO0000000000000000                                                                       
1040001300036R 01000000000000000000000000000000000000000000000000220052019000000000000200                                                                                                                                                       
1040001300037P 0101298027300700000000000140000000000314491122031449          2006201900000000000399000000099N0106201822006201900000000000060000000000000000000000000000000000000000000000000000000031449                    3001029090000000000 
1040001300038Q 011000097491810187RONALDO RODRIGUES PEIXOTO               RUA OLARIA QD57 LOTE26                  COLINA PARQUE  76380000GOIANESIA      GO0000000000000000                                                                       
1040001300039R 01000000000000000000000000000000000000000000000000220062019000000000000200                                                                                                                                                       
1040001300040P 0101298027300700000000000140000000000314501122031450          2007201900000000000399000000099N0106201822007201900000000000060000000000000000000000000000000000000000000000000000000031450                    3001029090000000000 
1040001300041Q 011000097491810187RONALDO RODRIGUES PEIXOTO               RUA OLARIA QD57 LOTE26                  COLINA PARQUE  76380000GOIANESIA      GO0000000000000000                                                                       
1040001300042R 01000000000000000000000000000000000000000000000000220072019000000000000200                                                                                                                                                       
1040001300043P 0101298027300700000000000140000000000314511122031451          1006201800000000000199500000099N0106201821006201800000000000060000000000000000000000000000000000000000000000000000000031451                    3001029090000000000 
1040001300044Q 011000070639108172DANIEL FERREIRA DE OLIVEIRA             RUA 25                                  SETOR TZAR     76310000RIALMA         GO0000000000000000                                                                       
1040001300045R 01000000000000000000000000000000000000000000000000210062018000000000000200                                                                                                                                                       
1040001300046P 0101298027300700000000000140000000000314521122031452          1007201800000000000199500000099N0106201821007201800000000000060000000000000000000000000000000000000000000000000000000031452                    3001029090000000000 
1040001300047Q 011000070639108172DANIEL FERREIRA DE OLIVEIRA             RUA 25                                  SETOR TZAR     76310000RIALMA         GO0000000000000000                                                                       
1040001300048R 01000000000000000000000000000000000000000000000000210072018000000000000200                                                                                                                                                       
1040001300049P 0101298027300700000000000140000000000314531122031453          1008201800000000000199500000099N0106201821008201800000000000060000000000000000000000000000000000000000000000000000000031453                    3001029090000000000 
1040001300050Q 011000070639108172DANIEL FERREIRA DE OLIVEIRA             RUA 25                                  SETOR TZAR     76310000RIALMA         GO0000000000000000                                                                       
1040001300051R 01000000000000000000000000000000000000000000000000210082018000000000000200                                                                                                                                                       
1040001300052P 0101298027300700000000000140000000000314541122031454          1009201800000000000199500000099N0106201821009201800000000000060000000000000000000000000000000000000000000000000000000031454                    3001029090000000000 
1040001300053Q 011000070639108172DANIEL FERREIRA DE OLIVEIRA             RUA 25                                  SETOR TZAR     76310000RIALMA         GO0000000000000000                                                                       
1040001300054R 01000000000000000000000000000000000000000000000000210092018000000000000200                                                                                                                                                       
1040001300055P 0101298027300700000000000140000000000314551122031455          1010201800000000000199500000099N0106201821010201800000000000060000000000000000000000000000000000000000000000000000000031455                    3001029090000000000 
1040001300056Q 011000070639108172DANIEL FERREIRA DE OLIVEIRA             RUA 25                                  SETOR TZAR     76310000RIALMA         GO0000000000000000                                                                       
1040001300057R 01000000000000000000000000000000000000000000000000210102018000000000000200                                                                                                                                                       
1040001300058P 0101298027300700000000000140000000000314561122031456          1011201800000000000199500000099N0106201821011201800000000000060000000000000000000000000000000000000000000000000000000031456                    3001029090000000000 
1040001300059Q 011000070639108172DANIEL FERREIRA DE OLIVEIRA             RUA 25                                  SETOR TZAR     76310000RIALMA         GO0000000000000000                                                                       
1040001300060R 01000000000000000000000000000000000000000000000000210112018000000000000200                                                                                                                                                       
1040001300061P 0101298027300700000000000140000000000314571122031457          1012201800000000000199500000099N0106201821012201800000000000060000000000000000000000000000000000000000000000000000000031457                    3001029090000000000 
1040001300062Q 011000070639108172DANIEL FERREIRA DE OLIVEIRA             RUA 25                                  SETOR TZAR     76310000RIALMA         GO0000000000000000                                                                       
1040001300063R 01000000000000000000000000000000000000000000000000210122018000000000000200                                                                                                                                                       
1040001300064P 0101298027300700000000000140000000000314581122031458          1001201900000000000199500000099N0106201821001201900000000000060000000000000000000000000000000000000000000000000000000031458                    3001029090000000000 
1040001300065Q 011000070639108172DANIEL FERREIRA DE OLIVEIRA             RUA 25                                  SETOR TZAR     76310000RIALMA         GO0000000000000000                                                                       
1040001300066R 01000000000000000000000000000000000000000000000000210012019000000000000200                                                                                                                                                       
1040001300067P 0101298027300700000000000140000000000314591122031459          1002201900000000000199500000099N0106201821002201900000000000060000000000000000000000000000000000000000000000000000000031459                    3001029090000000000 
1040001300068Q 011000070639108172DANIEL FERREIRA DE OLIVEIRA             RUA 25                                  SETOR TZAR     76310000RIALMA         GO0000000000000000                                                                       
1040001300069R 01000000000000000000000000000000000000000000000000210022019000000000000200                                                                                                                                                       
1040001300070P 0101298027300700000000000140000000000314601122031460          1003201900000000000199500000099N0106201821003201900000000000060000000000000000000000000000000000000000000000000000000031460                    3001029090000000000 
1040001300071Q 011000070639108172DANIEL FERREIRA DE OLIVEIRA             RUA 25                                  SETOR TZAR     76310000RIALMA         GO0000000000000000                                                                       
1040001300072R 01000000000000000000000000000000000000000000000000210032019000000000000200                                                                                                                                                       
1040001300073P 0101298027300700000000000140000000000314611122031461          1004201900000000000199500000099N0106201821004201900000000000060000000000000000000000000000000000000000000000000000000031461                    3001029090000000000 
1040001300074Q 011000070639108172DANIEL FERREIRA DE OLIVEIRA             RUA 25                                  SETOR TZAR     76310000RIALMA         GO0000000000000000                                                                       
1040001300075R 01000000000000000000000000000000000000000000000000210042019000000000000200                                                                                                                                                       
1040001300076P 0101298027300700000000000140000000000314621122031462          1005201900000000000199500000099N0106201821005201900000000000060000000000000000000000000000000000000000000000000000000031462                    3001029090000000000 
1040001300077Q 011000070639108172DANIEL FERREIRA DE OLIVEIRA             RUA 25                                  SETOR TZAR     76310000RIALMA         GO0000000000000000                                                                       
1040001300078R 01000000000000000000000000000000000000000000000000210052019000000000000200                                                                                                                                                       
1040001300079P 0101298027300700000000000140000000000314641122031464          1012201700000000004000000000099N0106201821012201700000000000060000000000000000000000000000000000000000000000000000000031464                    3001029090000000000 
1040001300080Q 012005151767000135MAGRIL MOTOCICLETAS LTDA                AV BERNADO SAYAO  N 526                 CENTRO         76300000CERES          GO0000000000000000                                                                       
1040001300081R 01000000000000000000000000000000000000000000000000210122017000000000000200                                                                                                                                                       
1040001300082P 0101298027300700000000000140000000000314651122031465          1001201800000000004000000000099N0106201821001201800000000000060000000000000000000000000000000000000000000000000000000031465                    3001029090000000000 
1040001300083Q 012005151767000135MAGRIL MOTOCICLETAS LTDA                AV BERNADO SAYAO  N 526                 CENTRO         76300000CERES          GO0000000000000000                                                                       
1040001300084R 01000000000000000000000000000000000000000000000000210012018000000000000200                                                                                                                                                       
1040001300085P 0101298027300700000000000140000000000314661122031466          1002201800000000004000000000099N0106201821002201800000000000060000000000000000000000000000000000000000000000000000000031466                    3001029090000000000 
1040001300086Q 012005151767000135MAGRIL MOTOCICLETAS LTDA                AV BERNADO SAYAO  N 526                 CENTRO         76300000CERES          GO0000000000000000                                                                       
1040001300087R 01000000000000000000000000000000000000000000000000210022018000000000000200                                                                                                                                                       
1040001300088P 0101298027300700000000000140000000000314671122031467          1003201800000000004000000000099N0106201821003201800000000000060000000000000000000000000000000000000000000000000000000031467                    3001029090000000000 
1040001300089Q 012005151767000135MAGRIL MOTOCICLETAS LTDA                AV BERNADO SAYAO  N 526                 CENTRO         76300000CERES          GO0000000000000000                                                                       
1040001300090R 01000000000000000000000000000000000000000000000000210032018000000000000200                                                                                                                                                       
1040001300091P 0101298027300700000000000140000000000314681122031468          1004201800000000004000000000099N0106201821004201800000000000060000000000000000000000000000000000000000000000000000000031468                    3001029090000000000 
1040001300092Q 012005151767000135MAGRIL MOTOCICLETAS LTDA                AV BERNADO SAYAO  N 526                 CENTRO         76300000CERES          GO0000000000000000                                                                       
1040001300093R 01000000000000000000000000000000000000000000000000210042018000000000000200                                                                                                                                                       
1040001300094P 0101298027300700000000000140000000000314691122031469          1005201800000000004000000000099N0106201821005201800000000000060000000000000000000000000000000000000000000000000000000031469                    3001029090000000000 
1040001300095Q 012005151767000135MAGRIL MOTOCICLETAS LTDA                AV BERNADO SAYAO  N 526                 CENTRO         76300000CERES          GO0000000000000000                                                                       
1040001300096R 01000000000000000000000000000000000000000000000000210052018000000000000200                                                                                                                                                       
1040001300097P 0101298027300700000000000140000000000314701122031470          1006201800000000004000000000099N0106201821006201800000000000060000000000000000000000000000000000000000000000000000000031470                    3001029090000000000 
1040001300098Q 012005151767000135MAGRIL MOTOCICLETAS LTDA                AV BERNADO SAYAO  N 526                 CENTRO         76300000CERES          GO0000000000000000                                                                       
1040001300099R 01000000000000000000000000000000000000000000000000210062018000000000000200                                                                                                                                                       
1040001300100P 0101298027300700000000000140000000000314711122031471          1010201800000000000590000000099N0106201821010201800000000000060000000000000000000000000000000000000000000000000000000031471                    3001029090000000000 
1040001300101Q 012003240234000102PAX CERES                               RUA 27 N 412                            CENTRO         76380000CERES          GO0000000000000000                                                                       
1040001300102R 01000000000000000000000000000000000000000000000000210102018000000000000200                                                                                                                                                       
1040001300103P 0101298027300700000000000140000000000314721122031472          1011201800000000000590000000099N0106201821011201800000000000060000000000000000000000000000000000000000000000000000000031472                    3001029090000000000 
1040001300104Q 012003240234000102PAX CERES                               RUA 27 N 412                            CENTRO         76380000CERES          GO0000000000000000                                                                       
1040001300105R 01000000000000000000000000000000000000000000000000210112018000000000000200                                                                                                                                                       
1040001300106P 0101298027300700000000000140000000000314731122031473          1012201800000000000590000000099N0106201821012201800000000000060000000000000000000000000000000000000000000000000000000031473                    3001029090000000000 
1040001300107Q 012003240234000102PAX CERES                               RUA 27 N 412                            CENTRO         76380000CERES          GO0000000000000000                                                                       
1040001300108R 01000000000000000000000000000000000000000000000000210122018000000000000200                                                                                                                                                       
1040001300109P 0101298027300700000000000140000000000314741122031474          1001201900000000000590000000099N0106201821001201900000000000060000000000000000000000000000000000000000000000000000000031474                    3001029090000000000 
1040001300110Q 012003240234000102PAX CERES                               RUA 27 N 412                            CENTRO         76380000CERES          GO0000000000000000                                                                       
1040001300111R 01000000000000000000000000000000000000000000000000210012019000000000000200                                                                                                                                                       
1040001300112P 0101298027300700000000000140000000000314751122031475          1002201900000000000590000000099N0106201821002201900000000000060000000000000000000000000000000000000000000000000000000031475                    3001029090000000000 
1040001300113Q 012003240234000102PAX CERES                               RUA 27 N 412                            CENTRO         76380000CERES          GO0000000000000000                                                                       
1040001300114R 01000000000000000000000000000000000000000000000000210022019000000000000200                                                                                                                                                       
1040001300115P 0101298027300700000000000140000000000314761122031476          1003201900000000000590000000099N0106201821003201900000000000060000000000000000000000000000000000000000000000000000000031476                    3001029090000000000 
1040001300116Q 012003240234000102PAX CERES                               RUA 27 N 412                            CENTRO         76380000CERES          GO0000000000000000                                                                       
1040001300117R 01000000000000000000000000000000000000000000000000210032019000000000000200                                                                                                                                                       
1040001300118P 0101298027300700000000000140000000000314771122031477          1004201900000000000590000000099N0106201821004201900000000000060000000000000000000000000000000000000000000000000000000031477                    3001029090000000000 
1040001300119Q 012003240234000102PAX CERES                               RUA 27 N 412                            CENTRO         76380000CERES          GO0000000000000000                                                                       
1040001300120R 01000000000000000000000000000000000000000000000000210042019000000000000200                                                                                                                                                       
1040001300121P 0101298027300700000000000140000000000314781122031478          1005201900000000000590000000099N0106201821005201900000000000060000000000000000000000000000000000000000000000000000000031478                    3001029090000000000 
1040001300122Q 012003240234000102PAX CERES                               RUA 27 N 412                            CENTRO         76380000CERES          GO0000000000000000                                                                       
1040001300123R 01000000000000000000000000000000000000000000000000210052019000000000000200                                                                                                                                                       
1040001300124P 0101298027300700000000000140000000000314791122031479          1006201900000000000590000000099N0106201821006201900000000000060000000000000000000000000000000000000000000000000000000031479                    3001029090000000000 
1040001300125Q 012003240234000102PAX CERES                               RUA 27 N 412                            CENTRO         76380000CERES          GO0000000000000000                                                                       
1040001300126R 01000000000000000000000000000000000000000000000000210062019000000000000200                                                                                                                                                       
1040001300127P 0101298027300700000000000140000000000314801122031480          1007201900000000000590000000099N0106201821007201900000000000060000000000000000000000000000000000000000000000000000000031480                    3001029090000000000 
1040001300128Q 012003240234000102PAX CERES                               RUA 27 N 412                            CENTRO         76380000CERES          GO0000000000000000                                                                       
1040001300129R 01000000000000000000000000000000000000000000000000210072019000000000000200                                                                                                                                                       
1040001300130P 0101298027300700000000000140000000000314811122031481          1008201900000000000590000000099N0106201821008201900000000000060000000000000000000000000000000000000000000000000000000031481                    3001029090000000000 
1040001300131Q 012003240234000102PAX CERES                               RUA 27 N 412                            CENTRO         76380000CERES          GO0000000000000000                                                                       
1040001300132R 01000000000000000000000000000000000000000000000000210082019000000000000200                                                                                                                                                       
1040001300133P 0101298027300700000000000140000000000314821122031482          1009201900000000000590000000099N0106201821009201900000000000060000000000000000000000000000000000000000000000000000000031482                    3001029090000000000 
1040001300134Q 012003240234000102PAX CERES                               RUA 27 N 412                            CENTRO         76380000CERES          GO0000000000000000                                                                       
1040001300135R 01000000000000000000000000000000000000000000000000210092019000000000000200                                                                                                                                                       
1040001300136P 0101298027300700000000000140000000000314831122031483          1003201900000000000499000000099N0106201821003201900000000000060000000000000000000000000000000000000000000000000000000031483                    3001029090000000000 
1040001300137Q 011000004150601178DOUGLAS JUNIOR DE CAMARGOS              RUA JOSE RODRIGUES SOBRINHO QD 07 LT 04 BOA VISTA      76300000CERES          GO0000000000000000                                                                       
1040001300138R 01000000000000000000000000000000000000000000000000210032019000000000000200                                                                                                                                                       
1040001300139P 0101298027300700000000000140000000000314841122031484          1004201900000000000740000000099N0106201821004201900000000000060000000000000000000000000000000000000000000000000000000031484                    3001029090000000000 
1040001300140Q 012011102140000197EXPLORER INFORMATICA EIRELI - EPP       R ALFREDO DE PADUA                      CENTRO         76300000CERES          GO0000000000000000                                                                       
1040001300141R 01000000000000000000000000000000000000000000000000210042019000000000000200                                                                                                                                                       
1040001300142P 0101298027300700000000000140000000000314851122031485          1005201900000000000740000000099N0106201821005201900000000000060000000000000000000000000000000000000000000000000000000031485                    3001029090000000000 
1040001300143Q 012011102140000197EXPLORER INFORMATICA EIRELI - EPP       R ALFREDO DE PADUA                      CENTRO         76300000CERES          GO0000000000000000                                                                       
1040001300144R 01000000000000000000000000000000000000000000000000210052019000000000000200                                                                                                                                                       
1040001300145P 0101298027300700000000000140000000000314861122031486          1006201900000000000740000000099N0106201821006201900000000000060000000000000000000000000000000000000000000000000000000031486                    3001029090000000000 
1040001300146Q 012011102140000197EXPLORER INFORMATICA EIRELI - EPP       R ALFREDO DE PADUA                      CENTRO         76300000CERES          GO0000000000000000                                                                       
1040001300147R 01000000000000000000000000000000000000000000000000210062019000000000000200                                                                                                                                                       
1040001300148P 0101298027300700000000000140000000000314871122031487          1007201900000000000740000000099N0106201821007201900000000000060000000000000000000000000000000000000000000000000000000031487                    3001029090000000000 
1040001300149Q 012011102140000197EXPLORER INFORMATICA EIRELI - EPP       R ALFREDO DE PADUA                      CENTRO         76300000CERES          GO0000000000000000                                                                       
1040001300150R 01000000000000000000000000000000000000000000000000210072019000000000000200                                                                                                                                                       
1040001300151P 0101298027300700000000000140000000000314881122031488          1008201900000000000740000000099N0106201821008201900000000000060000000000000000000000000000000000000000000000000000000031488                    3001029090000000000 
1040001300152Q 012011102140000197EXPLORER INFORMATICA EIRELI - EPP       R ALFREDO DE PADUA                      CENTRO         76300000CERES          GO0000000000000000                                                                       
1040001300153R 01000000000000000000000000000000000000000000000000210082019000000000000200                                                                                                                                                       
1040001300154P 0101298027300700000000000140000000000314891122031489          1009201900000000000740000000099N0106201821009201900000000000060000000000000000000000000000000000000000000000000000000031489                    3001029090000000000 
1040001300155Q 012011102140000197EXPLORER INFORMATICA EIRELI - EPP       R ALFREDO DE PADUA                      CENTRO         76300000CERES          GO0000000000000000                                                                       
1040001300156R 01000000000000000000000000000000000000000000000000210092019000000000000200                                                                                                                                                       
1040001300157P 0101298027300700000000000140000000000314901122031490          1010201900000000000740000000099N0106201821010201900000000000060000000000000000000000000000000000000000000000000000000031490                    3001029090000000000 
1040001300158Q 012011102140000197EXPLORER INFORMATICA EIRELI - EPP       R ALFREDO DE PADUA                      CENTRO         76300000CERES          GO0000000000000000                                                                       
1040001300159R 01000000000000000000000000000000000000000000000000210102019000000000000200                                                                                                                                                       
1040001300160P 0101298027300700000000000140000000000314911122031491          1011201900000000000740000000099N0106201821011201900000000000060000000000000000000000000000000000000000000000000000000031491                    3001029090000000000 
1040001300161Q 012011102140000197EXPLORER INFORMATICA EIRELI - EPP       R ALFREDO DE PADUA                      CENTRO         76300000CERES          GO0000000000000000                                                                       
1040001300162R 01000000000000000000000000000000000000000000000000210112019000000000000200                                                                                                                                                       
1040001300163P 0101298027300700000000000140000000000314921122031492          1012201900000000000740000000099N0106201821012201900000000000060000000000000000000000000000000000000000000000000000000031492                    3001029090000000000 
1040001300164Q 012011102140000197EXPLORER INFORMATICA EIRELI - EPP       R ALFREDO DE PADUA                      CENTRO         76300000CERES          GO0000000000000000                                                                       
1040001300165R 01000000000000000000000000000000000000000000000000210122019000000000000200                                                                                                                                                       
1040001300166P 0101298027300700000000000140000000000314931122031493          1001202000000000000740000000099N0106201821001202000000000000060000000000000000000000000000000000000000000000000000000031493                    3001029090000000000 
1040001300167Q 012011102140000197EXPLORER INFORMATICA EIRELI - EPP       R ALFREDO DE PADUA                      CENTRO         76300000CERES          GO0000000000000000                                                                       
1040001300168R 01000000000000000000000000000000000000000000000000210012020000000000000200                                                                                                                                                       
1040001300169P 0101298027300700000000000140000000000314941122031494          1002202000000000000740000000099N0106201821002202000000000000060000000000000000000000000000000000000000000000000000000031494                    3001029090000000000 
1040001300170Q 012011102140000197EXPLORER INFORMATICA EIRELI - EPP       R ALFREDO DE PADUA                      CENTRO         76300000CERES          GO0000000000000000                                                                       
1040001300171R 01000000000000000000000000000000000000000000000000210022020000000000000200                                                                                                                                                       
1040001300172P 0101298027300700000000000140000000000314951122031495          1003202000000000000740000000099N0106201821003202000000000000060000000000000000000000000000000000000000000000000000000031495                    3001029090000000000 
1040001300173Q 012011102140000197EXPLORER INFORMATICA EIRELI - EPP       R ALFREDO DE PADUA                      CENTRO         76300000CERES          GO0000000000000000                                                                       
1040001300174R 01000000000000000000000000000000000000000000000000210032020000000000000200                                                                                                                                                       
1040001300175P 0101298027300700000000000140000000000314961122031496          0109201800000000000699000000099N0106201820109201800000000000060000000000000000000000000000000000000000000000000000000031496                    3001029090000000000 
1040001300176Q 011000052168387168NAIR DIVINA LEAO                        RUA ONILDO CASTRO                       CENTRO         76338000URUANA         GO0000000000000000                                                                       
1040001300177R 01000000000000000000000000000000000000000000000000201092018000000000000200                                                                                                                                                       
1040001300178P 0101298027300700000000000140000000000314971122031497          0110201800000000000699000000099N0106201820110201800000000000060000000000000000000000000000000000000000000000000000000031497                    3001029090000000000 
1040001300179Q 011000052168387168NAIR DIVINA LEAO                        RUA ONILDO CASTRO                       CENTRO         76338000URUANA         GO0000000000000000                                                                       
1040001300180R 01000000000000000000000000000000000000000000000000201102018000000000000200                                                                                                                                                       
1040001300181P 0101298027300700000000000140000000000314981122031498          0111201800000000000699000000099N0106201820111201800000000000060000000000000000000000000000000000000000000000000000000031498                    3001029090000000000 
1040001300182Q 011000052168387168NAIR DIVINA LEAO                        RUA ONILDO CASTRO                       CENTRO         76338000URUANA         GO0000000000000000                                                                       
1040001300183R 01000000000000000000000000000000000000000000000000201112018000000000000200                                                                                                                                                       
1040001300184P 0101298027300700000000000140000000000314991122031499          0112201800000000000699000000099N0106201820112201800000000000060000000000000000000000000000000000000000000000000000000031499                    3001029090000000000 
1040001300185Q 011000052168387168NAIR DIVINA LEAO                        RUA ONILDO CASTRO                       CENTRO         76338000URUANA         GO0000000000000000                                                                       
1040001300186R 01000000000000000000000000000000000000000000000000201122018000000000000200                                                                                                                                                       
1040001300187P 0101298027300700000000000140000000000315001122031500          0101201900000000000699000000099N0106201820101201900000000000060000000000000000000000000000000000000000000000000000000031500                    3001029090000000000 
1040001300188Q 011000052168387168NAIR DIVINA LEAO                        RUA ONILDO CASTRO                       CENTRO         76338000URUANA         GO0000000000000000                                                                       
1040001300189R 01000000000000000000000000000000000000000000000000201012019000000000000200                                                                                                                                                       
1040001300190P 0101298027300700000000000140000000000315011122031501          0102201900000000000699000000099N0106201820102201900000000000060000000000000000000000000000000000000000000000000000000031501                    3001029090000000000 
1040001300191Q 011000052168387168NAIR DIVINA LEAO                        RUA ONILDO CASTRO                       CENTRO         76338000URUANA         GO0000000000000000                                                                       
1040001300192R 01000000000000000000000000000000000000000000000000201022019000000000000200                                                                                                                                                       
1040001300193P 0101298027300700000000000140000000000315021122031502          0103201900000000000699000000099N0106201820103201900000000000060000000000000000000000000000000000000000000000000000000031502                    3001029090000000000 
1040001300194Q 011000052168387168NAIR DIVINA LEAO                        RUA ONILDO CASTRO                       CENTRO         76338000URUANA         GO0000000000000000                                                                       
1040001300195R 01000000000000000000000000000000000000000000000000201032019000000000000200                                                                                                                                                       
1040001300196P 0101298027300700000000000140000000000315031122031503          0104201900000000000699000000099N0106201820104201900000000000060000000000000000000000000000000000000000000000000000000031503                    3001029090000000000 
1040001300197Q 011000052168387168NAIR DIVINA LEAO                        RUA ONILDO CASTRO                       CENTRO         76338000URUANA         GO0000000000000000                                                                       
1040001300198R 01000000000000000000000000000000000000000000000000201042019000000000000200                                                                                                                                                       
1040001300199P 0101298027300700000000000140000000000315041122031504          0105201900000000000699000000099N0106201820105201900000000000060000000000000000000000000000000000000000000000000000000031504                    3001029090000000000 
1040001300200Q 011000052168387168NAIR DIVINA LEAO                        RUA ONILDO CASTRO                       CENTRO         76338000URUANA         GO0000000000000000                                                                       
1040001300201R 01000000000000000000000000000000000000000000000000201052019000000000000200                                                                                                                                                       
1040001300202P 0101298027300700000000000140000000000315051122031505          0106201900000000000699000000099N0106201820106201900000000000060000000000000000000000000000000000000000000000000000000031505                    3001029090000000000 
1040001300203Q 011000052168387168NAIR DIVINA LEAO                        RUA ONILDO CASTRO                       CENTRO         76338000URUANA         GO0000000000000000                                                                       
1040001300204R 01000000000000000000000000000000000000000000000000201062019000000000000200                                                                                                                                                       
1040001300205P 0101298027300700000000000140000000000315061122031506          0107201900000000000699000000099N0106201820107201900000000000060000000000000000000000000000000000000000000000000000000031506                    3001029090000000000 
1040001300206Q 011000052168387168NAIR DIVINA LEAO                        RUA ONILDO CASTRO                       CENTRO         76338000URUANA         GO0000000000000000                                                                       
1040001300207R 01000000000000000000000000000000000000000000000000201072019000000000000200                                                                                                                                                       
1040001300208P 0101298027300700000000000140000000000315071122031507          0108201900000000000699000000099N0106201820108201900000000000060000000000000000000000000000000000000000000000000000000031507                    3001029090000000000 
1040001300209Q 011000052168387168NAIR DIVINA LEAO                        RUA ONILDO CASTRO                       CENTRO         76338000URUANA         GO0000000000000000                                                                       
1040001300210R 01000000000000000000000000000000000000000000000000201082019000000000000200                                                                                                                                                       
1040001300211P 0101298027300700000000000140000000000315081122031508          1009201800000000005988000000099N0106201821009201800000000000060000000000000000000000000000000000000000000000000000000031508                    3001029090000000000 
1040001300212Q 012023934817000132ANAPOLIS DISTRIBUIDORA DE BATERIAS LTDA AV SOCRATES MARDOCHEN DINIZ             POLOCENTRO I   75130415ANAPOLIS       GO0000000000000000                                                                       
1040001300213R 01000000000000000000000000000000000000000000000000210092018000000000000200                                                                                                                                                       
1040001300214P 0101298027300700000000000140000000000315091122031509          1010201800000000005988000000099N0106201821010201800000000000060000000000000000000000000000000000000000000000000000000031509                    3001029090000000000 
1040001300215Q 012023934817000132ANAPOLIS DISTRIBUIDORA DE BATERIAS LTDA AV SOCRATES MARDOCHEN DINIZ             POLOCENTRO I   75130415ANAPOLIS       GO0000000000000000                                                                       
1040001300216R 01000000000000000000000000000000000000000000000000210102018000000000000200                                                                                                                                                       
1040001300217P 0101298027300700000000000140000000000315101122031510          1011201800000000005988000000099N0106201821011201800000000000060000000000000000000000000000000000000000000000000000000031510                    3001029090000000000 
1040001300218Q 012023934817000132ANAPOLIS DISTRIBUIDORA DE BATERIAS LTDA AV SOCRATES MARDOCHEN DINIZ             POLOCENTRO I   75130415ANAPOLIS       GO0000000000000000                                                                       
1040001300219R 01000000000000000000000000000000000000000000000000210112018000000000000200                                                                                                                                                       
1040001300220P 0101298027300700000000000140000000000315111122031511          1012201800000000005988000000099N0106201821012201800000000000060000000000000000000000000000000000000000000000000000000031511                    3001029090000000000 
1040001300221Q 012023934817000132ANAPOLIS DISTRIBUIDORA DE BATERIAS LTDA AV SOCRATES MARDOCHEN DINIZ             POLOCENTRO I   75130415ANAPOLIS       GO0000000000000000                                                                       
1040001300222R 01000000000000000000000000000000000000000000000000210122018000000000000200                                                                                                                                                       
1040001300223P 0101298027300700000000000140000000000315121122031512          1001201900000000005988000000099N0106201821001201900000000000060000000000000000000000000000000000000000000000000000000031512                    3001029090000000000 
1040001300224Q 012023934817000132ANAPOLIS DISTRIBUIDORA DE BATERIAS LTDA AV SOCRATES MARDOCHEN DINIZ             POLOCENTRO I   75130415ANAPOLIS       GO0000000000000000                                                                       
1040001300225R 01000000000000000000000000000000000000000000000000210012019000000000000200                                                                                                                                                       
1040001300226P 0101298027300700000000000140000000000315131122031513          1002201900000000005988000000099N0106201821002201900000000000060000000000000000000000000000000000000000000000000000000031513                    3001029090000000000 
1040001300227Q 012023934817000132ANAPOLIS DISTRIBUIDORA DE BATERIAS LTDA AV SOCRATES MARDOCHEN DINIZ             POLOCENTRO I   75130415ANAPOLIS       GO0000000000000000                                                                       
1040001300228R 01000000000000000000000000000000000000000000000000210022019000000000000200                                                                                                                                                       
1040001300229P 0101298027300700000000000140000000000315141122031514          1003201900000000005988000000099N0106201821003201900000000000060000000000000000000000000000000000000000000000000000000031514                    3001029090000000000 
1040001300230Q 012023934817000132ANAPOLIS DISTRIBUIDORA DE BATERIAS LTDA AV SOCRATES MARDOCHEN DINIZ             POLOCENTRO I   75130415ANAPOLIS       GO0000000000000000                                                                       
1040001300231R 01000000000000000000000000000000000000000000000000210032019000000000000200                                                                                                                                                       
1040001300232P 0101298027300700000000000140000000000315151122031515          1004201900000000005988000000099N0106201821004201900000000000060000000000000000000000000000000000000000000000000000000031515                    3001029090000000000 
1040001300233Q 012023934817000132ANAPOLIS DISTRIBUIDORA DE BATERIAS LTDA AV SOCRATES MARDOCHEN DINIZ             POLOCENTRO I   75130415ANAPOLIS       GO0000000000000000                                                                       
1040001300234R 01000000000000000000000000000000000000000000000000210042019000000000000200                                                                                                                                                       
1040001300235P 0101298027300700000000000140000000000315161122031516          1005201900000000005988000000099N0106201821005201900000000000060000000000000000000000000000000000000000000000000000000031516                    3001029090000000000 
1040001300236Q 012023934817000132ANAPOLIS DISTRIBUIDORA DE BATERIAS LTDA AV SOCRATES MARDOCHEN DINIZ             POLOCENTRO I   75130415ANAPOLIS       GO0000000000000000                                                                       
1040001300237R 01000000000000000000000000000000000000000000000000210052019000000000000200                                                                                                                                                       
1040001300238P 0101298027300700000000000140000000000315171122031517          1006201900000000005988000000099N0106201821006201900000000000060000000000000000000000000000000000000000000000000000000031517                    3001029090000000000 
1040001300239Q 012023934817000132ANAPOLIS DISTRIBUIDORA DE BATERIAS LTDA AV SOCRATES MARDOCHEN DINIZ             POLOCENTRO I   75130415ANAPOLIS       GO0000000000000000                                                                       
1040001300240R 01000000000000000000000000000000000000000000000000210062019000000000000200                                                                                                                                                       
1040001300241P 0101298027300700000000000140000000000315181122031518          1007201900000000005988000000099N0106201821007201900000000000060000000000000000000000000000000000000000000000000000000031518                    3001029090000000000 
1040001300242Q 012023934817000132ANAPOLIS DISTRIBUIDORA DE BATERIAS LTDA AV SOCRATES MARDOCHEN DINIZ             POLOCENTRO I   75130415ANAPOLIS       GO0000000000000000                                                                       
1040001300243R 01000000000000000000000000000000000000000000000000210072019000000000000200                                                                                                                                                       
1040001300244P 0101298027300700000000000140000000000315191122031519          1008201900000000005988000000099N0106201821008201900000000000060000000000000000000000000000000000000000000000000000000031519                    3001029090000000000 
1040001300245Q 012023934817000132ANAPOLIS DISTRIBUIDORA DE BATERIAS LTDA AV SOCRATES MARDOCHEN DINIZ             POLOCENTRO I   75130415ANAPOLIS       GO0000000000000000                                                                       
1040001300246R 01000000000000000000000000000000000000000000000000210082019000000000000200                                                                                                                                                       
10400015         000248000082000000000023792200000000000000000000000000000000000000000000000                                                                                                                                                    
10499999         000001000250                                                                                                                                                                                                                   