10400000         2116559540001590000000000000000000001298027300700000000FEDERAL SISTEMAS              CAIXA ECONOMICA FEDERAL                 11902201809310700002305000000                    REMESSA-PRODUCAO                                 
10400011R0100030 20116559540001592730070000000000000001298027300700000000FEDERAL SISTEMAS                                                                                              000000231902201800000000                                 
1040001300001P 0101298027300700000000000140000000000262281122026228          2202201800000000000590000000099N1702201822202201800000000000000000000000000000000000000000000000000000000000000000000026228                    3001700090000000000 
1040001300002Q 011000056608810172JOSE CARLOS FERREIRA DA SILVA           RUA 03 Q02 LT 14                        EXTREMA        76390000BARRO ALTO     GO0000000000000000                                                                       
1040001300003R 01000000000000000000000000000000000000000000000000222022018000000000000200                                                                                                                                                       
1040001300004P 0101298027300700000000000140000000000262291122026229          2203201800000000000590000000099N1702201822203201800000000000000000000000000000000000000000000000000000000000000000000026229                    3001700090000000000 
1040001300005Q 011000056608810172JOSE CARLOS FERREIRA DA SILVA           RUA 03 Q02 LT 14                        EXTREMA        76390000BARRO ALTO     GO0000000000000000                                                                       
1040001300006R 01000000000000000000000000000000000000000000000000222032018000000000000200                                                                                                                                                       
1040001300007P 0101298027300700000000000140000000000262301122026230          2204201800000000000590000000099N1702201822204201800000000000000000000000000000000000000000000000000000000000000000000026230                    3001700090000000000 
1040001300008Q 011000056608810172JOSE CARLOS FERREIRA DA SILVA           RUA 03 Q02 LT 14                        EXTREMA        76390000BARRO ALTO     GO0000000000000000                                                                       
1040001300009R 01000000000000000000000000000000000000000000000000222042018000000000000200                                                                                                                                                       
1040001300010P 0101298027300700000000000140000000000262311122026231          2205201800000000000590000000099N1702201822205201800000000000000000000000000000000000000000000000000000000000000000000026231                    3001700090000000000 
1040001300011Q 011000056608810172JOSE CARLOS FERREIRA DA SILVA           RUA 03 Q02 LT 14                        EXTREMA        76390000BARRO ALTO     GO0000000000000000                                                                       
1040001300012R 01000000000000000000000000000000000000000000000000222052018000000000000200                                                                                                                                                       
1040001300013P 0101298027300700000000000140000000000262321122026232          2206201800000000000590000000099N1702201822206201800000000000000000000000000000000000000000000000000000000000000000000026232                    3001700090000000000 
1040001300014Q 011000056608810172JOSE CARLOS FERREIRA DA SILVA           RUA 03 Q02 LT 14                        EXTREMA        76390000BARRO ALTO     GO0000000000000000                                                                       
1040001300015R 01000000000000000000000000000000000000000000000000222062018000000000000200                                                                                                                                                       
1040001300016P 0101298027300700000000000140000000000262331122026233          2207201800000000000590000000099N1702201822207201800000000000000000000000000000000000000000000000000000000000000000000026233                    3001700090000000000 
1040001300017Q 011000056608810172JOSE CARLOS FERREIRA DA SILVA           RUA 03 Q02 LT 14                        EXTREMA        76390000BARRO ALTO     GO0000000000000000                                                                       
1040001300018R 01000000000000000000000000000000000000000000000000222072018000000000000200                                                                                                                                                       
1040001300019P 0101298027300700000000000140000000000262341122026234          2208201800000000000590000000099N1702201822208201800000000000000000000000000000000000000000000000000000000000000000000026234                    3001700090000000000 
1040001300020Q 011000056608810172JOSE CARLOS FERREIRA DA SILVA           RUA 03 Q02 LT 14                        EXTREMA        76390000BARRO ALTO     GO0000000000000000                                                                       
1040001300021R 01000000000000000000000000000000000000000000000000222082018000000000000200                                                                                                                                                       
1040001300022P 0101298027300700000000000140000000000262351122026235          2209201800000000000590000000099N1702201822209201800000000000000000000000000000000000000000000000000000000000000000000026235                    3001700090000000000 
1040001300023Q 011000056608810172JOSE CARLOS FERREIRA DA SILVA           RUA 03 Q02 LT 14                        EXTREMA        76390000BARRO ALTO     GO0000000000000000                                                                       
1040001300024R 01000000000000000000000000000000000000000000000000222092018000000000000200                                                                                                                                                       
1040001300025P 0101298027300700000000000140000000000262361122026236          2210201800000000000590000000099N1702201822210201800000000000000000000000000000000000000000000000000000000000000000000026236                    3001700090000000000 
1040001300026Q 011000056608810172JOSE CARLOS FERREIRA DA SILVA           RUA 03 Q02 LT 14                        EXTREMA        76390000BARRO ALTO     GO0000000000000000                                                                       
1040001300027R 01000000000000000000000000000000000000000000000000222102018000000000000200                                                                                                                                                       
1040001300028P 0101298027300700000000000140000000000262371122026237          2211201800000000000590000000099N1702201822211201800000000000000000000000000000000000000000000000000000000000000000000026237                    3001700090000000000 
1040001300029Q 011000056608810172JOSE CARLOS FERREIRA DA SILVA           RUA 03 Q02 LT 14                        EXTREMA        76390000BARRO ALTO     GO0000000000000000                                                                       
1040001300030R 01000000000000000000000000000000000000000000000000222112018000000000000200                                                                                                                                                       
1040001300031P 0101298027300700000000000140000000000262381122026238          2212201800000000000590000000099N1702201822212201800000000000000000000000000000000000000000000000000000000000000000000026238                    3001700090000000000 
1040001300032Q 011000056608810172JOSE CARLOS FERREIRA DA SILVA           RUA 03 Q02 LT 14                        EXTREMA        76390000BARRO ALTO     GO0000000000000000                                                                       
1040001300033R 01000000000000000000000000000000000000000000000000222122018000000000000200                                                                                                                                                       
1040001300034P 0101298027300700000000000140000000000262391122026239          2201201900000000000590000000099N1702201822201201900000000000000000000000000000000000000000000000000000000000000000000026239                    3001700090000000000 
1040001300035Q 011000056608810172JOSE CARLOS FERREIRA DA SILVA           RUA 03 Q02 LT 14                        EXTREMA        76390000BARRO ALTO     GO0000000000000000                                                                       
1040001300036R 01000000000000000000000000000000000000000000000000222012019000000000000200                                                                                                                                                       
1040001300037P 0101298027300700000000000140000000000262401122026240          2101201800000000001500000000099N1702201822101201800000000000000000000000000000000000000000000000000000000000000000000026240                    3001700090000000000 
1040001300038Q 011000023476273172GILBERTO DE CASTRO SOUZA                RUA 18 N 83                             CENTRO         76380000GOIANESIA     GO0000000000000000                                                                       0
1040001300039R 01000000000000000000000000000000000000000000000000221012018000000000000200                                                                                                                                                       
1040001300040P 0101298027300700000000000140000000000262411122026241          2102201800000000001500000000099N1702201822102201800000000000000000000000000000000000000000000000000000000000000000000026241                    3001700090000000000 
1040001300041Q 011000023476273172GILBERTO DE CASTRO SOUZA                RUA 18 N 83                             CENTRO         76380000GOIANESIA     GO0000000000000000                                                                       0
1040001300042R 01000000000000000000000000000000000000000000000000221022018000000000000200                                                                                                                                                       
1040001300043P 0101298027300700000000000140000000000262421122026242          2103201800000000001500000000099N1702201822103201800000000000000000000000000000000000000000000000000000000000000000000026242                    3001700090000000000 
1040001300044Q 011000023476273172GILBERTO DE CASTRO SOUZA                RUA 18 N 83                             CENTRO         76380000GOIANESIA     GO0000000000000000                                                                       0
1040001300045R 01000000000000000000000000000000000000000000000000221032018000000000000200                                                                                                                                                       
1040001300046P 0101298027300700000000000140000000000262431122026243          2104201800000000001500000000099N1702201822104201800000000000000000000000000000000000000000000000000000000000000000000026243                    3001700090000000000 
1040001300047Q 011000023476273172GILBERTO DE CASTRO SOUZA                RUA 18 N 83                             CENTRO         76380000GOIANESIA     GO0000000000000000                                                                       0
1040001300048R 01000000000000000000000000000000000000000000000000221042018000000000000200                                                                                                                                                       
1040001300049P 0101298027300700000000000140000000000262441122026244          2105201800000000001500000000099N1702201822105201800000000000000000000000000000000000000000000000000000000000000000000026244                    3001700090000000000 
1040001300050Q 011000023476273172GILBERTO DE CASTRO SOUZA                RUA 18 N 83                             CENTRO         76380000GOIANESIA     GO0000000000000000                                                                       0
1040001300051R 01000000000000000000000000000000000000000000000000221052018000000000000200                                                                                                                                                       
1040001300052P 0101298027300700000000000140000000000262451122026245          2106201800000000001500000000099N1702201822106201800000000000000000000000000000000000000000000000000000000000000000000026245                    3001700090000000000 
1040001300053Q 011000023476273172GILBERTO DE CASTRO SOUZA                RUA 18 N 83                             CENTRO         76380000GOIANESIA     GO0000000000000000                                                                       0
1040001300054R 01000000000000000000000000000000000000000000000000221062018000000000000200                                                                                                                                                       
1040001300055P 0101298027300700000000000140000000000262461122026246          2107201800000000001500000000099N1702201822107201800000000000000000000000000000000000000000000000000000000000000000000026246                    3001700090000000000 
1040001300056Q 011000023476273172GILBERTO DE CASTRO SOUZA                RUA 18 N 83                             CENTRO         76380000GOIANESIA     GO0000000000000000                                                                       0
1040001300057R 01000000000000000000000000000000000000000000000000221072018000000000000200                                                                                                                                                       
1040001300058P 0101298027300700000000000140000000000262471122026247          2108201800000000001500000000099N1702201822108201800000000000000000000000000000000000000000000000000000000000000000000026247                    3001700090000000000 
1040001300059Q 011000023476273172GILBERTO DE CASTRO SOUZA                RUA 18 N 83                             CENTRO         76380000GOIANESIA     GO0000000000000000                                                                       0
1040001300060R 01000000000000000000000000000000000000000000000000221082018000000000000200                                                                                                                                                       
1040001300061P 0101298027300700000000000140000000000262481122026248          2109201800000000001500000000099N1702201822109201800000000000000000000000000000000000000000000000000000000000000000000026248                    3001700090000000000 
1040001300062Q 011000023476273172GILBERTO DE CASTRO SOUZA                RUA 18 N 83                             CENTRO         76380000GOIANESIA     GO0000000000000000                                                                       0
1040001300063R 01000000000000000000000000000000000000000000000000221092018000000000000200                                                                                                                                                       
1040001300064P 0101298027300700000000000140000000000262491122026249          2110201800000000001500000000099N1702201822110201800000000000000000000000000000000000000000000000000000000000000000000026249                    3001700090000000000 
1040001300065Q 011000023476273172GILBERTO DE CASTRO SOUZA                RUA 18 N 83                             CENTRO         76380000GOIANESIA     GO0000000000000000                                                                       0
1040001300066R 01000000000000000000000000000000000000000000000000221102018000000000000200                                                                                                                                                       
1040001300067P 0101298027300700000000000140000000000262501122026250          2111201800000000001500000000099N1702201822111201800000000000000000000000000000000000000000000000000000000000000000000026250                    3001700090000000000 
1040001300068Q 011000023476273172GILBERTO DE CASTRO SOUZA                RUA 18 N 83                             CENTRO         76380000GOIANESIA     GO0000000000000000                                                                       0
1040001300069R 01000000000000000000000000000000000000000000000000221112018000000000000200                                                                                                                                                       
1040001300070P 0101298027300700000000000140000000000262511122026251          2112201800000000001500000000099N1702201822112201800000000000000000000000000000000000000000000000000000000000000000000026251                    3001700090000000000 
1040001300071Q 011000023476273172GILBERTO DE CASTRO SOUZA                RUA 18 N 83                             CENTRO         76380000GOIANESIA     GO0000000000000000                                                                       0
1040001300072R 01000000000000000000000000000000000000000000000000221122018000000000000200                                                                                                                                                       
1040001300073P 0101298027300700000000000140000000000262521122026252          2002201800000000000300000000099N1702201822002201800000000000000000000000000000000000000000000000000000000000000000000026252                    3001700090000000000 
1040001300074Q 012072627888000106REFRAMAQUINAS SERVICOS EM REFRATARIOS EIST SPLM CONJUNTO 12 LOTE 08             NUCLEO BANDEIRA71732120BRASILIA      DF0000000000000000                                                                       0
1040001300075R 01000000000000000000000000000000000000000000000000220022018000000000000200                                                                                                                                                       
1040001300076P 0101298027300700000000000140000000000262531122026253          2002201800000000001180000000099N1702201822002201800000000000000000000000000000000000000000000000000000000000000000000026253                    3001700090000000000 
1040001300077Q 012015332558000141J P R DA SILVA TRANSPORTES - ME         RUA 13 QD 09 LT 03                      NOVA  AURORA   76380000GOIANESIA     GO0000000000000000                                                                       0
1040001300078R 01000000000000000000000000000000000000000000000000220022018000000000000200                                                                                                                                                       
1040001300079P 0101298027300700000000000140000000000262541122026254          2003201800000000001180000000099N1702201822003201800000000000000000000000000000000000000000000000000000000000000000000026254                    3001700090000000000 
1040001300080Q 012015332558000141J P R DA SILVA TRANSPORTES - ME         RUA 13 QD 09 LT 03                      NOVA  AURORA   76380000GOIANESIA     GO0000000000000000                                                                       0
1040001300081R 01000000000000000000000000000000000000000000000000220032018000000000000200                                                                                                                                                       
1040001300082P 0101298027300700000000000140000000000262551122026255          2004201800000000001180000000099N1702201822004201800000000000000000000000000000000000000000000000000000000000000000000026255                    3001700090000000000 
1040001300083Q 012015332558000141J P R DA SILVA TRANSPORTES - ME         RUA 13 QD 09 LT 03                      NOVA  AURORA   76380000GOIANESIA     GO0000000000000000                                                                       0
1040001300084R 01000000000000000000000000000000000000000000000000220042018000000000000200                                                                                                                                                       
1040001300085P 0101298027300700000000000140000000000262561122026256          2005201800000000001180000000099N1702201822005201800000000000000000000000000000000000000000000000000000000000000000000026256                    3001700090000000000 
1040001300086Q 012015332558000141J P R DA SILVA TRANSPORTES - ME         RUA 13 QD 09 LT 03                      NOVA  AURORA   76380000GOIANESIA     GO0000000000000000                                                                       0
1040001300087R 01000000000000000000000000000000000000000000000000220052018000000000000200                                                                                                                                                       
1040001300088P 0101298027300700000000000140000000000262571122026257          2006201800000000001180000000099N1702201822006201800000000000000000000000000000000000000000000000000000000000000000000026257                    3001700090000000000 
1040001300089Q 012015332558000141J P R DA SILVA TRANSPORTES - ME         RUA 13 QD 09 LT 03                      NOVA  AURORA   76380000GOIANESIA     GO0000000000000000                                                                       0
1040001300090R 01000000000000000000000000000000000000000000000000220062018000000000000200                                                                                                                                                       
1040001300091P 0101298027300700000000000140000000000262581122026258          2007201800000000001180000000099N1702201822007201800000000000000000000000000000000000000000000000000000000000000000000026258                    3001700090000000000 
1040001300092Q 012015332558000141J P R DA SILVA TRANSPORTES - ME         RUA 13 QD 09 LT 03                      NOVA  AURORA   76380000GOIANESIA     GO0000000000000000                                                                       0
1040001300093R 01000000000000000000000000000000000000000000000000220072018000000000000200                                                                                                                                                       
1040001300094P 0101298027300700000000000140000000000262591122026259          2008201800000000001180000000099N1702201822008201800000000000000000000000000000000000000000000000000000000000000000000026259                    3001700090000000000 
1040001300095Q 012015332558000141J P R DA SILVA TRANSPORTES - ME         RUA 13 QD 09 LT 03                      NOVA  AURORA   76380000GOIANESIA     GO0000000000000000                                                                       0
1040001300096R 01000000000000000000000000000000000000000000000000220082018000000000000200                                                                                                                                                       
1040001300097P 0101298027300700000000000140000000000262601122026260          2009201800000000001180000000099N1702201822009201800000000000000000000000000000000000000000000000000000000000000000000026260                    3001700090000000000 
1040001300098Q 012015332558000141J P R DA SILVA TRANSPORTES - ME         RUA 13 QD 09 LT 03                      NOVA  AURORA   76380000GOIANESIA     GO0000000000000000                                                                       0
1040001300099R 01000000000000000000000000000000000000000000000000220092018000000000000200                                                                                                                                                       
1040001300100P 0101298027300700000000000140000000000262611122026261          2010201800000000001180000000099N1702201822010201800000000000000000000000000000000000000000000000000000000000000000000026261                    3001700090000000000 
1040001300101Q 012015332558000141J P R DA SILVA TRANSPORTES - ME         RUA 13 QD 09 LT 03                      NOVA  AURORA   76380000GOIANESIA     GO0000000000000000                                                                       0
1040001300102R 01000000000000000000000000000000000000000000000000220102018000000000000200                                                                                                                                                       
1040001300103P 0101298027300700000000000140000000000262621122026262          2011201800000000001180000000099N1702201822011201800000000000000000000000000000000000000000000000000000000000000000000026262                    3001700090000000000 
1040001300104Q 012015332558000141J P R DA SILVA TRANSPORTES - ME         RUA 13 QD 09 LT 03                      NOVA  AURORA   76380000GOIANESIA     GO0000000000000000                                                                       0
1040001300105R 01000000000000000000000000000000000000000000000000220112018000000000000200                                                                                                                                                       
1040001300106P 0101298027300700000000000140000000000262631122026263          2012201800000000001180000000099N1702201822012201800000000000000000000000000000000000000000000000000000000000000000000026263                    3001700090000000000 
1040001300107Q 012015332558000141J P R DA SILVA TRANSPORTES - ME         RUA 13 QD 09 LT 03                      NOVA  AURORA   76380000GOIANESIA     GO0000000000000000                                                                       0
1040001300108R 01000000000000000000000000000000000000000000000000220122018000000000000200                                                                                                                                                       
1040001300109P 0101298027300700000000000140000000000262641122026264          2001201900000000001180000000099N1702201822001201900000000000000000000000000000000000000000000000000000000000000000000026264                    3001700090000000000 
1040001300110Q 012015332558000141J P R DA SILVA TRANSPORTES - ME         RUA 13 QD 09 LT 03                      NOVA  AURORA   76380000GOIANESIA     GO0000000000000000                                                                       0
1040001300111R 01000000000000000000000000000000000000000000000000220012019000000000000200                                                                                                                                                       
1040001300112P 0101298027300700000000000140000000000262651122026265          2002201800000000000590000000099N1702201822002201800000000000000000000000000000000000000000000000000000000000000000000026265                    3001700090000000000 
1040001300113Q 011000000762392177DANILO DE SOUZA MELO                    RUA 81 SN LT 10                         PORTAL DO SOL  76310000RIALMA         GO0000000000000000                                                                       
1040001300114R 01000000000000000000000000000000000000000000000000220022018000000000000200                                                                                                                                                       
1040001300115P 0101298027300700000000000140000000000262661122026266          2003201800000000000590000000099N1702201822003201800000000000000000000000000000000000000000000000000000000000000000000026266                    3001700090000000000 
1040001300116Q 011000000762392177DANILO DE SOUZA MELO                    RUA 81 SN LT 10                         PORTAL DO SOL  76310000RIALMA         GO0000000000000000                                                                       
1040001300117R 01000000000000000000000000000000000000000000000000220032018000000000000200                                                                                                                                                       
1040001300118P 0101298027300700000000000140000000000262671122026267          2004201800000000000590000000099N1702201822004201800000000000000000000000000000000000000000000000000000000000000000000026267                    3001700090000000000 
1040001300119Q 011000000762392177DANILO DE SOUZA MELO                    RUA 81 SN LT 10                         PORTAL DO SOL  76310000RIALMA         GO0000000000000000                                                                       
1040001300120R 01000000000000000000000000000000000000000000000000220042018000000000000200                                                                                                                                                       
1040001300121P 0101298027300700000000000140000000000262681122026268          2005201800000000000590000000099N1702201822005201800000000000000000000000000000000000000000000000000000000000000000000026268                    3001700090000000000 
1040001300122Q 011000000762392177DANILO DE SOUZA MELO                    RUA 81 SN LT 10                         PORTAL DO SOL  76310000RIALMA         GO0000000000000000                                                                       
1040001300123R 01000000000000000000000000000000000000000000000000220052018000000000000200                                                                                                                                                       
1040001300124P 0101298027300700000000000140000000000262691122026269          2006201800000000000590000000099N1702201822006201800000000000000000000000000000000000000000000000000000000000000000000026269                    3001700090000000000 
1040001300125Q 011000000762392177DANILO DE SOUZA MELO                    RUA 81 SN LT 10                         PORTAL DO SOL  76310000RIALMA         GO0000000000000000                                                                       
1040001300126R 01000000000000000000000000000000000000000000000000220062018000000000000200                                                                                                                                                       
1040001300127P 0101298027300700000000000140000000000262701122026270          2007201800000000000590000000099N1702201822007201800000000000000000000000000000000000000000000000000000000000000000000026270                    3001700090000000000 
1040001300128Q 011000000762392177DANILO DE SOUZA MELO                    RUA 81 SN LT 10                         PORTAL DO SOL  76310000RIALMA         GO0000000000000000                                                                       
1040001300129R 01000000000000000000000000000000000000000000000000220072018000000000000200                                                                                                                                                       
1040001300130P 0101298027300700000000000140000000000262711122026271          2008201800000000000590000000099N1702201822008201800000000000000000000000000000000000000000000000000000000000000000000026271                    3001700090000000000 
1040001300131Q 011000000762392177DANILO DE SOUZA MELO                    RUA 81 SN LT 10                         PORTAL DO SOL  76310000RIALMA         GO0000000000000000                                                                       
1040001300132R 01000000000000000000000000000000000000000000000000220082018000000000000200                                                                                                                                                       
1040001300133P 0101298027300700000000000140000000000262721122026272          2009201800000000000590000000099N1702201822009201800000000000000000000000000000000000000000000000000000000000000000000026272                    3001700090000000000 
1040001300134Q 011000000762392177DANILO DE SOUZA MELO                    RUA 81 SN LT 10                         PORTAL DO SOL  76310000RIALMA         GO0000000000000000                                                                       
1040001300135R 01000000000000000000000000000000000000000000000000220092018000000000000200                                                                                                                                                       
1040001300136P 0101298027300700000000000140000000000262731122026273          2010201800000000000590000000099N1702201822010201800000000000000000000000000000000000000000000000000000000000000000000026273                    3001700090000000000 
1040001300137Q 011000000762392177DANILO DE SOUZA MELO                    RUA 81 SN LT 10                         PORTAL DO SOL  76310000RIALMA         GO0000000000000000                                                                       
1040001300138R 01000000000000000000000000000000000000000000000000220102018000000000000200                                                                                                                                                       
1040001300139P 0101298027300700000000000140000000000262741122026274          2011201800000000000590000000099N1702201822011201800000000000000000000000000000000000000000000000000000000000000000000026274                    3001700090000000000 
1040001300140Q 011000000762392177DANILO DE SOUZA MELO                    RUA 81 SN LT 10                         PORTAL DO SOL  76310000RIALMA         GO0000000000000000                                                                       
1040001300141R 01000000000000000000000000000000000000000000000000220112018000000000000200                                                                                                                                                       
1040001300142P 0101298027300700000000000140000000000262751122026275          2012201800000000000590000000099N1702201822012201800000000000000000000000000000000000000000000000000000000000000000000026275                    3001700090000000000 
1040001300143Q 011000000762392177DANILO DE SOUZA MELO                    RUA 81 SN LT 10                         PORTAL DO SOL  76310000RIALMA         GO0000000000000000                                                                       
1040001300144R 01000000000000000000000000000000000000000000000000220122018000000000000200                                                                                                                                                       
1040001300145P 0101298027300700000000000140000000000262761122026276          2001201900000000000590000000099N1702201822001201900000000000000000000000000000000000000000000000000000000000000000000026276                    3001700090000000000 
1040001300146Q 011000000762392177DANILO DE SOUZA MELO                    RUA 81 SN LT 10                         PORTAL DO SOL  76310000RIALMA         GO0000000000000000                                                                       
1040001300147R 01000000000000000000000000000000000000000000000000220012019000000000000200                                                                                                                                                       
1040001300148P 0101298027300700000000000140000000000262771122026277          2001201800000000000590000000099N1702201822001201800000000000000000000000000000000000000000000000000000000000000000000026277                    3001700090000000000 
1040001300149Q 012018262184000123V L MAQUINAS LTDA ME                    RUA 02 SEM NUMERO                       SETOR SUL      76380000GOIANESIA     GO0000000000000000                                                                       0
1040001300150R 01000000000000000000000000000000000000000000000000220012018000000000000200                                                                                                                                                       
1040001300151P 0101298027300700000000000140000000000262781122026278          2002201800000000000590000000099N1702201822002201800000000000000000000000000000000000000000000000000000000000000000000026278                    3001700090000000000 
1040001300152Q 012018262184000123V L MAQUINAS LTDA ME                    RUA 02 SEM NUMERO                       SETOR SUL      76380000GOIANESIA     GO0000000000000000                                                                       0
1040001300153R 01000000000000000000000000000000000000000000000000220022018000000000000200                                                                                                                                                       
1040001300154P 0101298027300700000000000140000000000262791122026279          2003201800000000000590000000099N1702201822003201800000000000000000000000000000000000000000000000000000000000000000000026279                    3001700090000000000 
1040001300155Q 012018262184000123V L MAQUINAS LTDA ME                    RUA 02 SEM NUMERO                       SETOR SUL      76380000GOIANESIA     GO0000000000000000                                                                       0
1040001300156R 01000000000000000000000000000000000000000000000000220032018000000000000200                                                                                                                                                       
1040001300157P 0101298027300700000000000140000000000262801122026280          2004201800000000000590000000099N1702201822004201800000000000000000000000000000000000000000000000000000000000000000000026280                    3001700090000000000 
1040001300158Q 012018262184000123V L MAQUINAS LTDA ME                    RUA 02 SEM NUMERO                       SETOR SUL      76380000GOIANESIA     GO0000000000000000                                                                       0
1040001300159R 01000000000000000000000000000000000000000000000000220042018000000000000200                                                                                                                                                       
1040001300160P 0101298027300700000000000140000000000262811122026281          2005201800000000000590000000099N1702201822005201800000000000000000000000000000000000000000000000000000000000000000000026281                    3001700090000000000 
1040001300161Q 012018262184000123V L MAQUINAS LTDA ME                    RUA 02 SEM NUMERO                       SETOR SUL      76380000GOIANESIA     GO0000000000000000                                                                       0
1040001300162R 01000000000000000000000000000000000000000000000000220052018000000000000200                                                                                                                                                       
1040001300163P 0101298027300700000000000140000000000262821122026282          2006201800000000000590000000099N1702201822006201800000000000000000000000000000000000000000000000000000000000000000000026282                    3001700090000000000 
1040001300164Q 012018262184000123V L MAQUINAS LTDA ME                    RUA 02 SEM NUMERO                       SETOR SUL      76380000GOIANESIA     GO0000000000000000                                                                       0
1040001300165R 01000000000000000000000000000000000000000000000000220062018000000000000200                                                                                                                                                       
1040001300166P 0101298027300700000000000140000000000262831122026283          2007201800000000000590000000099N1702201822007201800000000000000000000000000000000000000000000000000000000000000000000026283                    3001700090000000000 
1040001300167Q 012018262184000123V L MAQUINAS LTDA ME                    RUA 02 SEM NUMERO                       SETOR SUL      76380000GOIANESIA     GO0000000000000000                                                                       0
1040001300168R 01000000000000000000000000000000000000000000000000220072018000000000000200                                                                                                                                                       
1040001300169P 0101298027300700000000000140000000000262841122026284          2008201800000000000590000000099N1702201822008201800000000000000000000000000000000000000000000000000000000000000000000026284                    3001700090000000000 
1040001300170Q 012018262184000123V L MAQUINAS LTDA ME                    RUA 02 SEM NUMERO                       SETOR SUL      76380000GOIANESIA     GO0000000000000000                                                                       0
1040001300171R 01000000000000000000000000000000000000000000000000220082018000000000000200                                                                                                                                                       
1040001300172P 0101298027300700000000000140000000000262851122026285          2009201800000000000590000000099N1702201822009201800000000000000000000000000000000000000000000000000000000000000000000026285                    3001700090000000000 
1040001300173Q 012018262184000123V L MAQUINAS LTDA ME                    RUA 02 SEM NUMERO                       SETOR SUL      76380000GOIANESIA     GO0000000000000000                                                                       0
1040001300174R 01000000000000000000000000000000000000000000000000220092018000000000000200                                                                                                                                                       
1040001300175P 0101298027300700000000000140000000000262861122026286          2010201800000000000590000000099N1702201822010201800000000000000000000000000000000000000000000000000000000000000000000026286                    3001700090000000000 
1040001300176Q 012018262184000123V L MAQUINAS LTDA ME                    RUA 02 SEM NUMERO                       SETOR SUL      76380000GOIANESIA     GO0000000000000000                                                                       0
1040001300177R 01000000000000000000000000000000000000000000000000220102018000000000000200                                                                                                                                                       
1040001300178P 0101298027300700000000000140000000000262871122026287          2011201800000000000590000000099N1702201822011201800000000000000000000000000000000000000000000000000000000000000000000026287                    3001700090000000000 
1040001300179Q 012018262184000123V L MAQUINAS LTDA ME                    RUA 02 SEM NUMERO                       SETOR SUL      76380000GOIANESIA     GO0000000000000000                                                                       0
1040001300180R 01000000000000000000000000000000000000000000000000220112018000000000000200                                                                                                                                                       
1040001300181P 0101298027300700000000000140000000000262881122026288          2012201800000000000590000000099N1702201822012201800000000000000000000000000000000000000000000000000000000000000000000026288                    3001700090000000000 
1040001300182Q 012018262184000123V L MAQUINAS LTDA ME                    RUA 02 SEM NUMERO                       SETOR SUL      76380000GOIANESIA     GO0000000000000000                                                                       0
1040001300183R 01000000000000000000000000000000000000000000000000220122018000000000000200                                                                                                                                                       
10400015         000185000061000000000005370000000000000000000000000000000000000000000000000                                                                                                                                                    
10499999         000001000187                                                                                                                                                                                                                   