10400000         2116559540001590000000000000000000001298027300700000000FEDERAL SISTEMAS              CAIXA ECONOMICA FEDERAL                 10905201814305200008505000000                    REMESSA-PRODUCAO                                 
10400011R0100030 20116559540001592730070000000000000001298027300700000000FEDERAL SISTEMAS                                                                                              000000850905201800000000                                 
1040001300001P 0101298027300700000000000140000000000296171122029617          2004201800000000006074800000099N1804201822004201800000000000060000000000000000000000000000000000000000000000000000000029617                    3001090090000000000 
1040001300002Q 011000071080063161AVILLEN ANDRUVAL ALONSO MENDOZA         RUA 233                                 SETOR LESTE UNI74605120GOIANIA        GO0000000000000000                                                                       
1040001300003R 01000000000000000000000000000000000000000000000000220042018000000000000200                                                                                                                                                       
1040001300004P 0101298027300700000000000140000000000296181122029618          2005201800000000006074800000099N1804201822005201800000000000060000000000000000000000000000000000000000000000000000000029618                    3001090090000000000 
1040001300005Q 011000071080063161AVILLEN ANDRUVAL ALONSO MENDOZA         RUA 233                                 SETOR LESTE UNI74605120GOIANIA        GO0000000000000000                                                                       
1040001300006R 01000000000000000000000000000000000000000000000000220052018000000000000200                                                                                                                                                       
1040001300007P 0101298027300700000000000140000000000296191122029619          2006201800000000006074800000099N1804201822006201800000000000060000000000000000000000000000000000000000000000000000000029619                    3001090090000000000 
1040001300008Q 011000071080063161AVILLEN ANDRUVAL ALONSO MENDOZA         RUA 233                                 SETOR LESTE UNI74605120GOIANIA        GO0000000000000000                                                                       
1040001300009R 01000000000000000000000000000000000000000000000000220062018000000000000200                                                                                                                                                       
1040001300010P 0101298027300700000000000140000000000296201122029620          2007201800000000006074800000099N1804201822007201800000000000060000000000000000000000000000000000000000000000000000000029620                    3001090090000000000 
1040001300011Q 011000071080063161AVILLEN ANDRUVAL ALONSO MENDOZA         RUA 233                                 SETOR LESTE UNI74605120GOIANIA        GO0000000000000000                                                                       
1040001300012R 01000000000000000000000000000000000000000000000000220072018000000000000200                                                                                                                                                       
1040001300013P 0101298027300700000000000140000000000296211122029621          2008201800000000006074800000099N1804201822008201800000000000060000000000000000000000000000000000000000000000000000000029621                    3001090090000000000 
1040001300014Q 011000071080063161AVILLEN ANDRUVAL ALONSO MENDOZA         RUA 233                                 SETOR LESTE UNI74605120GOIANIA        GO0000000000000000                                                                       
1040001300015R 01000000000000000000000000000000000000000000000000220082018000000000000200                                                                                                                                                       
1040001300016P 0101298027300700000000000140000000000296221122029622          2009201800000000006074800000099N1804201822009201800000000000060000000000000000000000000000000000000000000000000000000029622                    3001090090000000000 
1040001300017Q 011000071080063161AVILLEN ANDRUVAL ALONSO MENDOZA         RUA 233                                 SETOR LESTE UNI74605120GOIANIA        GO0000000000000000                                                                       
1040001300018R 01000000000000000000000000000000000000000000000000220092018000000000000200                                                                                                                                                       
1040001300019P 0101298027300700000000000140000000000296241122029624          2005201800000000000590000000099N1804201822005201800000000000060000000000000000000000000000000000000000000000000000000029624                    3001090090000000000 
1040001300020Q 012017640896000176M A SOUZA TRANSPORTES LTDA              RUA 18 N 67                             CENTRO         76380000GOIANESIA      GO0000000000000000                                                                       
1040001300021R 01000000000000000000000000000000000000000000000000220052018000000000000200                                                                                                                                                       
1040001300022P 0101298027300700000000000140000000000296251122029625          2006201800000000000590000000099N1804201822006201800000000000060000000000000000000000000000000000000000000000000000000029625                    3001090090000000000 
1040001300023Q 012017640896000176M A SOUZA TRANSPORTES LTDA              RUA 18 N 67                             CENTRO         76380000GOIANESIA      GO0000000000000000                                                                       
1040001300024R 01000000000000000000000000000000000000000000000000220062018000000000000200                                                                                                                                                       
1040001300025P 0101298027300700000000000140000000000296261122029626          2007201800000000000590000000099N1804201822007201800000000000060000000000000000000000000000000000000000000000000000000029626                    3001090090000000000 
1040001300026Q 012017640896000176M A SOUZA TRANSPORTES LTDA              RUA 18 N 67                             CENTRO         76380000GOIANESIA      GO0000000000000000                                                                       
1040001300027R 01000000000000000000000000000000000000000000000000220072018000000000000200                                                                                                                                                       
1040001300028P 0101298027300700000000000140000000000296271122029627          2008201800000000000590000000099N1804201822008201800000000000060000000000000000000000000000000000000000000000000000000029627                    3001090090000000000 
1040001300029Q 012017640896000176M A SOUZA TRANSPORTES LTDA              RUA 18 N 67                             CENTRO         76380000GOIANESIA      GO0000000000000000                                                                       
1040001300030R 01000000000000000000000000000000000000000000000000220082018000000000000200                                                                                                                                                       
1040001300031P 0101298027300700000000000140000000000296281122029628          2009201800000000000590000000099N1804201822009201800000000000060000000000000000000000000000000000000000000000000000000029628                    3001090090000000000 
1040001300032Q 012017640896000176M A SOUZA TRANSPORTES LTDA              RUA 18 N 67                             CENTRO         76380000GOIANESIA      GO0000000000000000                                                                       
1040001300033R 01000000000000000000000000000000000000000000000000220092018000000000000200                                                                                                                                                       
1040001300034P 0101298027300700000000000140000000000296291122029629          2010201800000000000590000000099N1804201822010201800000000000060000000000000000000000000000000000000000000000000000000029629                    3001090090000000000 
1040001300035Q 012017640896000176M A SOUZA TRANSPORTES LTDA              RUA 18 N 67                             CENTRO         76380000GOIANESIA      GO0000000000000000                                                                       
1040001300036R 01000000000000000000000000000000000000000000000000220102018000000000000200                                                                                                                                                       
1040001300037P 0101298027300700000000000140000000000296301122029630          2011201800000000000590000000099N1804201822011201800000000000060000000000000000000000000000000000000000000000000000000029630                    3001090090000000000 
1040001300038Q 012017640896000176M A SOUZA TRANSPORTES LTDA              RUA 18 N 67                             CENTRO         76380000GOIANESIA      GO0000000000000000                                                                       
1040001300039R 01000000000000000000000000000000000000000000000000220112018000000000000200                                                                                                                                                       
1040001300040P 0101298027300700000000000140000000000296311122029631          2012201800000000000590000000099N1804201822012201800000000000060000000000000000000000000000000000000000000000000000000029631                    3001090090000000000 
1040001300041Q 012017640896000176M A SOUZA TRANSPORTES LTDA              RUA 18 N 67                             CENTRO         76380000GOIANESIA      GO0000000000000000                                                                       
1040001300042R 01000000000000000000000000000000000000000000000000220122018000000000000200                                                                                                                                                       
1040001300043P 0101298027300700000000000140000000000296321122029632          2001201900000000000590000000099N1804201822001201900000000000060000000000000000000000000000000000000000000000000000000029632                    3001090090000000000 
1040001300044Q 012017640896000176M A SOUZA TRANSPORTES LTDA              RUA 18 N 67                             CENTRO         76380000GOIANESIA      GO0000000000000000                                                                       
1040001300045R 01000000000000000000000000000000000000000000000000220012019000000000000200                                                                                                                                                       
1040001300046P 0101298027300700000000000140000000000296331122029633          2002201900000000000590000000099N1804201822002201900000000000060000000000000000000000000000000000000000000000000000000029633                    3001090090000000000 
1040001300047Q 012017640896000176M A SOUZA TRANSPORTES LTDA              RUA 18 N 67                             CENTRO         76380000GOIANESIA      GO0000000000000000                                                                       
1040001300048R 01000000000000000000000000000000000000000000000000220022019000000000000200                                                                                                                                                       
1040001300049P 0101298027300700000000000140000000000296341122029634          2003201900000000000590000000099N1804201822003201900000000000060000000000000000000000000000000000000000000000000000000029634                    3001090090000000000 
1040001300050Q 012017640896000176M A SOUZA TRANSPORTES LTDA              RUA 18 N 67                             CENTRO         76380000GOIANESIA      GO0000000000000000                                                                       
1040001300051R 01000000000000000000000000000000000000000000000000220032019000000000000200                                                                                                                                                       
1040001300052P 0101298027300700000000000140000000000296351122029635          2004201900000000000590000000099N1804201822004201900000000000060000000000000000000000000000000000000000000000000000000029635                    3001090090000000000 
1040001300053Q 012017640896000176M A SOUZA TRANSPORTES LTDA              RUA 18 N 67                             CENTRO         76380000GOIANESIA      GO0000000000000000                                                                       
1040001300054R 01000000000000000000000000000000000000000000000000220042019000000000000200                                                                                                                                                       
1040001300055P 0101298027300700000000000140000000000296371122029637          1805201800000000000590000000099N1804201821805201800000000000060000000000000000000000000000000000000000000000000000000029637                    3001090090000000000 
1040001300056Q 012030200155000132J M TRANSPORTES                         RUA 30                                  CENTRO         76380091GOIANA©SIA   GO0000000000000000                                                                       0
1040001300057R 01000000000000000000000000000000000000000000000000218052018000000000000200                                                                                                                                                       
1040001300058P 0101298027300700000000000140000000000296381122029638          1806201800000000000590000000099N1804201821806201800000000000060000000000000000000000000000000000000000000000000000000029638                    3001090090000000000 
1040001300059Q 012030200155000132J M TRANSPORTES                         RUA 30                                  CENTRO         76380091GOIANA©SIA   GO0000000000000000                                                                       0
1040001300060R 01000000000000000000000000000000000000000000000000218062018000000000000200                                                                                                                                                       
1040001300061P 0101298027300700000000000140000000000296391122029639          1807201800000000000590000000099N1804201821807201800000000000060000000000000000000000000000000000000000000000000000000029639                    3001090090000000000 
1040001300062Q 012030200155000132J M TRANSPORTES                         RUA 30                                  CENTRO         76380091GOIANA©SIA   GO0000000000000000                                                                       0
1040001300063R 01000000000000000000000000000000000000000000000000218072018000000000000200                                                                                                                                                       
1040001300064P 0101298027300700000000000140000000000296401122029640          1808201800000000000590000000099N1804201821808201800000000000060000000000000000000000000000000000000000000000000000000029640                    3001090090000000000 
1040001300065Q 012030200155000132J M TRANSPORTES                         RUA 30                                  CENTRO         76380091GOIANA©SIA   GO0000000000000000                                                                       0
1040001300066R 01000000000000000000000000000000000000000000000000218082018000000000000200                                                                                                                                                       
1040001300067P 0101298027300700000000000140000000000296411122029641          1809201800000000000590000000099N1804201821809201800000000000060000000000000000000000000000000000000000000000000000000029641                    3001090090000000000 
1040001300068Q 012030200155000132J M TRANSPORTES                         RUA 30                                  CENTRO         76380091GOIANA©SIA   GO0000000000000000                                                                       0
1040001300069R 01000000000000000000000000000000000000000000000000218092018000000000000200                                                                                                                                                       
1040001300070P 0101298027300700000000000140000000000296421122029642          1810201800000000000590000000099N1804201821810201800000000000060000000000000000000000000000000000000000000000000000000029642                    3001090090000000000 
1040001300071Q 012030200155000132J M TRANSPORTES                         RUA 30                                  CENTRO         76380091GOIANA©SIA   GO0000000000000000                                                                       0
1040001300072R 01000000000000000000000000000000000000000000000000218102018000000000000200                                                                                                                                                       
1040001300073P 0101298027300700000000000140000000000296431122029643          1811201800000000000590000000099N1804201821811201800000000000060000000000000000000000000000000000000000000000000000000029643                    3001090090000000000 
1040001300074Q 012030200155000132J M TRANSPORTES                         RUA 30                                  CENTRO         76380091GOIANA©SIA   GO0000000000000000                                                                       0
1040001300075R 01000000000000000000000000000000000000000000000000218112018000000000000200                                                                                                                                                       
1040001300076P 0101298027300700000000000140000000000296441122029644          1812201800000000000590000000099N1804201821812201800000000000060000000000000000000000000000000000000000000000000000000029644                    3001090090000000000 
1040001300077Q 012030200155000132J M TRANSPORTES                         RUA 30                                  CENTRO         76380091GOIANA©SIA   GO0000000000000000                                                                       0
1040001300078R 01000000000000000000000000000000000000000000000000218122018000000000000200                                                                                                                                                       
1040001300079P 0101298027300700000000000140000000000296451122029645          1801201900000000000590000000099N1804201821801201900000000000060000000000000000000000000000000000000000000000000000000029645                    3001090090000000000 
1040001300080Q 012030200155000132J M TRANSPORTES                         RUA 30                                  CENTRO         76380091GOIANA©SIA   GO0000000000000000                                                                       0
1040001300081R 01000000000000000000000000000000000000000000000000218012019000000000000200                                                                                                                                                       
1040001300082P 0101298027300700000000000140000000000296461122029646          1802201900000000000590000000099N1804201821802201900000000000060000000000000000000000000000000000000000000000000000000029646                    3001090090000000000 
1040001300083Q 012030200155000132J M TRANSPORTES                         RUA 30                                  CENTRO         76380091GOIANA©SIA   GO0000000000000000                                                                       0
1040001300084R 01000000000000000000000000000000000000000000000000218022019000000000000200                                                                                                                                                       
1040001300085P 0101298027300700000000000140000000000296471122029647          1803201900000000000590000000099N1804201821803201900000000000060000000000000000000000000000000000000000000000000000000029647                    3001090090000000000 
1040001300086Q 012030200155000132J M TRANSPORTES                         RUA 30                                  CENTRO         76380091GOIANA©SIA   GO0000000000000000                                                                       0
1040001300087R 01000000000000000000000000000000000000000000000000218032019000000000000200                                                                                                                                                       
1040001300088P 0101298027300700000000000140000000000296481122029648          1804201900000000000590000000099N1804201821804201900000000000060000000000000000000000000000000000000000000000000000000029648                    3001090090000000000 
1040001300089Q 012030200155000132J M TRANSPORTES                         RUA 30                                  CENTRO         76380091GOIANA©SIA   GO0000000000000000                                                                       0
1040001300090R 01000000000000000000000000000000000000000000000000218042019000000000000200                                                                                                                                                       
10400015         000092000030000000000005060880000000000000000000000000000000000000000000000                                                                                                                                                    
10499999         000001000094                                                                                                                                                                                                                   