10400000         2116559540001590000000000000000000001298027300700000000FEDERAL SISTEMAS              CAIXA ECONOMICA FEDERAL                 11604201817103700007505000000                    REMESSA-PRODUCAO                                 
10400011R0100030 20116559540001592730070000000000000001298027300700000000FEDERAL SISTEMAS                                                                                              000000751604201800000000                                 
1040001300001P 0101298027300700000000000140000000000204291122020429          2004201800000000012390000000099N3110201722004201800000000000060000000000000000000000000000000000000000000000000000000020429                    3001090090000000000 
1040001300002Q 012004425711000169ALIANCA SERVICOS POSTUMOS LTDA          RUA VIVALDO A DE MIRANDA N 410          CENTRO         76310000RIALMA         GO0000000000000000                                                                       
1040001300003R 01000000000000000000000000000000000000000000000000220042018000000000000200                                                                                                                                                       
10400015         000005000001000000000001239000000000000000000000000000000000000000000000000                                                                                                                                                    
10499999         000001000007                                                                                                                                                                                                                   