10400000         2116559540001590000000000000000000001298027300700000000FEDERAL SISTEMAS              CAIXA ECONOMICA FEDERAL                 11902201809020800001805000000                    REMESSA-PRODUCAO                                 
10400011R0100030 20116559540001592730070000000000000001298027300700000000FEDERAL SISTEMAS                                                                                              000000181902201800000000                                 
1040001300001P 0101298027300700000000000140000000000261571122026157          1205201800000000000599000000099N1002201821205201800000000000000000000000000000000000000000000000000000000000000000000026157                    3001700090000000000 
1040001300002Q 011000082499594187MARIA NOGUEIRA NEVES BATISTA            INDO PARA RUBIATABA KM 15               SETOR CENTRAL  76343980SAO PATRICIO GO0000000000000000                                                                       00
1040001300003R 01000000000000000000000000000000000000000000000000212052018000000000000200                                                                                                                                                       
1040001300004P 0101298027300700000000000140000000000261581122026158          1206201800000000000599000000099N1002201821206201800000000000000000000000000000000000000000000000000000000000000000000026158                    3001700090000000000 
1040001300005Q 011000082499594187MARIA NOGUEIRA NEVES BATISTA            INDO PARA RUBIATABA KM 15               SETOR CENTRAL  76343980SAO PATRICIO GO0000000000000000                                                                       00
1040001300006R 01000000000000000000000000000000000000000000000000212062018000000000000200                                                                                                                                                       
1040001300007P 0101298027300700000000000140000000000261591122026159          1207201800000000000599000000099N1002201821207201800000000000000000000000000000000000000000000000000000000000000000000026159                    3001700090000000000 
1040001300008Q 011000082499594187MARIA NOGUEIRA NEVES BATISTA            INDO PARA RUBIATABA KM 15               SETOR CENTRAL  76343980SAO PATRICIO GO0000000000000000                                                                       00
1040001300009R 01000000000000000000000000000000000000000000000000212072018000000000000200                                                                                                                                                       
1040001300010P 0101298027300700000000000140000000000261601122026160          1208201800000000000599000000099N1002201821208201800000000000000000000000000000000000000000000000000000000000000000000026160                    3001700090000000000 
1040001300011Q 011000082499594187MARIA NOGUEIRA NEVES BATISTA            INDO PARA RUBIATABA KM 15               SETOR CENTRAL  76343980SAO PATRICIO GO0000000000000000                                                                       00
1040001300012R 01000000000000000000000000000000000000000000000000212082018000000000000200                                                                                                                                                       
1040001300013P 0101298027300700000000000140000000000261611122026161          1209201800000000000599000000099N1002201821209201800000000000000000000000000000000000000000000000000000000000000000000026161                    3001700090000000000 
1040001300014Q 011000082499594187MARIA NOGUEIRA NEVES BATISTA            INDO PARA RUBIATABA KM 15               SETOR CENTRAL  76343980SAO PATRICIO GO0000000000000000                                                                       00
1040001300015R 01000000000000000000000000000000000000000000000000212092018000000000000200                                                                                                                                                       
1040001300016P 0101298027300700000000000140000000000261621122026162          1210201800000000000599000000099N1002201821210201800000000000000000000000000000000000000000000000000000000000000000000026162                    3001700090000000000 
1040001300017Q 011000082499594187MARIA NOGUEIRA NEVES BATISTA            INDO PARA RUBIATABA KM 15               SETOR CENTRAL  76343980SAO PATRICIO GO0000000000000000                                                                       00
1040001300018R 01000000000000000000000000000000000000000000000000212102018000000000000200                                                                                                                                                       
1040001300019P 0101298027300700000000000140000000000261631122026163          1211201800000000000599000000099N1002201821211201800000000000000000000000000000000000000000000000000000000000000000000026163                    3001700090000000000 
1040001300020Q 011000082499594187MARIA NOGUEIRA NEVES BATISTA            INDO PARA RUBIATABA KM 15               SETOR CENTRAL  76343980SAO PATRICIO GO0000000000000000                                                                       00
1040001300021R 01000000000000000000000000000000000000000000000000212112018000000000000200                                                                                                                                                       
1040001300022P 0101298027300700000000000140000000000261641122026164          1212201800000000000599000000099N1002201821212201800000000000000000000000000000000000000000000000000000000000000000000026164                    3001700090000000000 
1040001300023Q 011000082499594187MARIA NOGUEIRA NEVES BATISTA            INDO PARA RUBIATABA KM 15               SETOR CENTRAL  76343980SAO PATRICIO GO0000000000000000                                                                       00
1040001300024R 01000000000000000000000000000000000000000000000000212122018000000000000200                                                                                                                                                       
1040001300025P 0101298027300700000000000140000000000261651122026165          1201201900000000000599000000099N1002201821201201900000000000000000000000000000000000000000000000000000000000000000000026165                    3001700090000000000 
1040001300026Q 011000082499594187MARIA NOGUEIRA NEVES BATISTA            INDO PARA RUBIATABA KM 15               SETOR CENTRAL  76343980SAO PATRICIO GO0000000000000000                                                                       00
1040001300027R 01000000000000000000000000000000000000000000000000212012019000000000000200                                                                                                                                                       
1040001300028P 0101298027300700000000000140000000000261661122026166          1202201900000000000599000000099N1002201821202201900000000000000000000000000000000000000000000000000000000000000000000026166                    3001700090000000000 
1040001300029Q 011000082499594187MARIA NOGUEIRA NEVES BATISTA            INDO PARA RUBIATABA KM 15               SETOR CENTRAL  76343980SAO PATRICIO GO0000000000000000                                                                       00
1040001300030R 01000000000000000000000000000000000000000000000000212022019000000000000200                                                                                                                                                       
10400015         000032000010000000000000599000000000000000000000000000000000000000000000000                                                                                                                                                    
10499999         000001000034                                                                                                                                                                                                                   