10400000         2116559540001590000000000000000000001298027300700000000FEDERAL SISTEMAS              CAIXA ECONOMICA FEDERAL                 10504201817584300006705000000                    REMESSA-PRODUCAO                                 
10400011R0100030 20116559540001592730070000000000000001298027300700000000FEDERAL SISTEMAS                                                                                              000000670504201800000000                                 
1040001300001P 0101298027300700000000000140000000000252371122025237          0512201800000000001500000000099N2901201820512201800000000000060000000000000000000000000000000000000000000000000000000025237                    3001090090000000000 
1040001300002Q 012024994943000145MARCAS EXCLUSIVAS DISTRIBUIDORA LTDA    AV BERNARDO SAYAO  N 2005               RIALMA II      76310000RIALMA         GO0000000000000000                                                                       
1040001300003R 01000000000000000000000000000000000000000000000000205122018000000000000200                                                                                                                                                       
10400015         000005000001000000000000150000000000000000000000000000000000000000000000000                                                                                                                                                    
10499999         000001000007                                                                                                                                                                                                                   