10400000         2116559540001590000000000000000000001298027300700000000FEDERAL SISTEMAS              CAIXA ECONOMICA FEDERAL                 12801202009301800017005000000                    REMESSA-PRODUCAO                                 
10400011R0100030 20116559540001592730070000000000000001298027300700000000FEDERAL SISTEMAS                                                                                              000001702801202000000000                                 
10400015         000002000000000000000000000000000000000000000000000000000000000000000000000                                                                                                                                                    
10499999         000001000004                                                                                                                                                                                                                   