10400000         2116559540001590000000000000000000001298027300700000000FEDERAL SISTEMAS              CAIXA ECONOMICA FEDERAL                 12204202011363000001005000000                    REMESSA-PRODUCAO                                 
10400011R0100030 20116559540001592730070000000000000001298027300700000000FEDERAL SISTEMAS                                                                                              000000102204202000000000                                 
1040001300001P 0101298027300700000000000140000000000857361122085736          2004202000000000000590000000099N2204202022004202000000000000060000000000000000000000000000000000000000000000000000000085736                    3001029090000000000 
1040001300002Q 011000078721601100SERGIO DO AMARAL TAVARES                AV. PRESIDENTE VARGAS                   CENTRO         76300000CERES          GO0000000000000000                                                                       
1040001300003R 01000000000000000000000000000000000000000000000000220042020000000000000200                                                                                                                                                       
10400015         000005000001000000000000059000000000000000000000000000000000000000000000000                                                                                                                                                    
10499999         000001000007                                                                                                                                                                                                                   