10400000         2116559540001590000000000000000000001298027300700000000FEDERAL SISTEMAS DE SEGURANCA C ECON FEDERAL                          23105201704010100125204000000                    RETORNO-PRODUCAO                  000            
10400011T0100030 20116559540001590000000000000000000001298027300700000000FEDERAL SISTEMAS DE SEGURANCA                                                                                 00001252310520170000000000                          00   
1040001300001T 060000002730070000000   240000000000111353100000000000000020042017000000000005900104007920000000000000000          090000000000000000                                                  000000000000590030100                     
1040001300002U 06000000000000159000000000000000000000000000000000000000000000000000000006059000000000006059000000000000000000000000000000310520173105201700003105201700000000000000000000000000000000000000000000000000000000000000000000       
1040001300003T 060000002730070000000   1400000000000002001               05062017000000000000500104012980                         090000000000000000                                                  000000000000590060101                     
1040001300004U 06000000000000000000000000000000000000000000000000000000000000000000000000500000000000000500000000000000000000000000000000310520170106201700000106201700000000000000000000000000000000000000000000000000000000000000000000       
1040001300005T 060000002730070000000   1400000000000002191               05062017000000000000500104012980                         090000000000000000                                                  000000000000590060101                     
1040001300006U 06000000000000000000000000000000000000000000000000000000000000000000000000500000000000000500000000000000000000000000000000310520170106201700000106201700000000000000000000000000000000000000000000000000000000000000000000       
1040001300007T 060000002730070000000   240000000000101773100000000000000031052017000000000007500104007920000000000000000          090000000000000000                                                  000000000000590020101                     
1040001300008U 06000000000000000000000000000000000000000000000000000000000000000000000007500000000000007500000000000000000000000000000000310520170106201700000106201700000000000000000000000000000000000000000000000000000000000000000000       
1040001300009T 060000002730070000000   240000000000157590100000000000000031052017000000000041673237037260000000000000000          090000000000000000                                                  000000000000590040101                     
1040001300010U 06000000000000000000000000000000000000000000000000000000000000000000000041673000000000041673000000000000000000000000000000310520170106201700000106201700000000000000000000000000000000000000000000000000000000000000000000       
1040001300011T 060000002730070000000   240000000000158724100000000000000031052017000000000022379104008040000000000000000          090000000000000000                                                  000000000000590020101                     
1040001300012U 06000000000000000000000000000000000000000000000000000000000000000000000022379000000000022379000000000000000000000000000000310520170106201700000106201700000000000000000000000000000000000000000000000000000000000000000000       
1040001300013T 060000002730070000000   240000000000163370100000000000000031052017000000000085000001043620000000000000000          090000000000000000                                                  000000000000590040101                     
1040001300014U 06000000000000000000000000000000000000000000000000000000000000000000000085000000000000085000000000000000000000000000000000310520170106201700000106201700000000000000000000000000000000000000000000000000000000000000000000       
1040001300015T 020000002730070000000   14014000000000001611              05062017000000000000100000000000                         091000004317159120LOURIVAL MARQUES                                  000000000000000                           
1040001300016U 02000000000000000000000000000000000000000000000000000000000000000000000000000000000000000000000000000000000000000000000000310520170000000000003105201700000000000000000000000000000000000000000000000000000000000000000000       
1040001300017T 280000002730070000000                     0               00000000000000000000000000000000                         000000000000000000                                                  0000000000000000000000000                 
1040001300018U 280000000000000000000000000000000000000000000000000000000000000000000000000000000000000000000000000000000000000000000000003105201700000000000031052017000000000000000                              000                           
10400015         00002000000000000000000000000000000000000000000000000000000000000000000000000000000000000000000000                                                                                                                             
10499999         000001000022                                                                                                                                                                                                                   
