10400000         2030283320001721111870000001056    01111808700000010506CAM DE DIRIG LOJ DE BATURITE  CAIXA ECONOMICA FEDERAL                 22812201600494300176303000000                                                      000            
10400011T0100020 20030283320001721111870000001056    01111808700000010506CAM DE DIRIG LOJ DE BATURITE                                                                                  000017632812201600000000                                 
1040001300001T 0601111808700000010506         800000642791               28122016000000000010618237053656                         090000000000000000                                                  0000000000005900401010000                 
1040001300002U 06000000000000000000000000000000000000000000000000000000000000000000000010618000000000010028000000000000000000000000000000281220162912201629122016                                                                               
1040001300003T 0601111808700000010506         800000648301               15112016000000000005280104009202                         090000000000000000                                                  0000000000005900201010000                 
1040001300004U 06000000000000559000000000000000000000000000000000000000000000000000000005839000000000005249000000000000000000000000000000281220162912201629122016                                                                               
10400015         00000600000000000000000000000                       0000000000000000000000000000000000000000000000                                                                                                                             
10499999         000001000008                                                                                                                                                                                                                   
