10400000         2030283320001721111870000001056    01111808700000010506CAM DE DIRIG LOJ DE BATURITE  CAIXA ECONOMICA FEDERAL                 21005201601074400162503000000                                                      000            
10400011T0100020 20030283320001721111870000001056    01111808700000010506CAM DE DIRIG LOJ DE BATURITE                                                                                  000016251005201600000000                                 
1040001300001T 0601111808700000010506         800000352441               15042016000000000004059104011118                         090000000000000000                                                  0000000000005900201010000                 
1040001300002U 06000000000000081000000000000000000000000000000000000000000000000000000004140000000000003550000000000000000000000000000000100520161105201611052016                                                                               
10400015         00000400000000000000000000000                       0000000000000000000000000000000000000000000000                                                                                                                             
10499999         000001000006                                                                                                                                                                                                                   
