10400000         2116559540001590000000000000000000001298027300700000000FEDERAL SISTEMAS DE SEGURANCA C ECON FEDERAL                          20507201704540800127604000000                    RETORNO-PRODUCAO                  000            
10400011T0100030 20116559540001590000000000000000000001298027300700000000FEDERAL SISTEMAS DE SEGURANCA                                                                                 00001276050720170000000000                          00   
1040001300001T 060000002730070000000   240000000000100548100000000000000005072017000000000015000104012980000000000000000          090000000000000000                                                  000000000000590030100                     
1040001300002U 06000000000000000000000000000000000000000000000000000000000000000000000015000000000000015000000000000000000000000000000000050720170507201700000507201700000000000000000000000000000000000000000000000000000000000000000000       
1040001300003T 060000002730070000000   240000000000160478100000000000000005072017000000000015000756033490000000000000000          090000000000000000                                                  000000000000250040101                     
1040001300004U 06000000000000000000000000000000000000000000000000000000000000000000000015000000000000015000000000000000000000000000000000050720170607201700000607201700000000000000000000000000000000000000000000000000000000000000000000       
1040001300005T 060000002730070000000   240000000000161490100000000000000005072017000000000030000756019140000000000000000          090000000000000000                                                  000000000000250040101                     
1040001300006U 06000000000000000000000000000000000000000000000000000000000000000000000030000000000000030000000000000000000000000000000000050720170607201700000607201700000000000000000000000000000000000000000000000000000000000000000000       
1040001300007T 060000002730070000000   240000000000163230100000000000000005072017000000000045000756030550000000000000000          090000000000000000                                                  000000000000250040101                     
1040001300008U 06000000000000000000000000000000000000000000000000000000000000000000000045000000000000045000000000000000000000000000000000050720170607201700000607201700000000000000000000000000000000000000000000000000000000000000000000       
1040001300009T 060000002730070000000   240000000000163558100000000000000005072017000000000015000341085870000000000000000          090000000000000000                                                  000000000000250040101                     
1040001300010U 06000000000000000000000000000000000000000000000000000000000000000000000015000000000000015000000000000000000000000000000000050720170607201700000607201700000000000000000000000000000000000000000000000000000000000000000000       
1040001300011T 060000002730070000000   240000000000164090100000000000000005072017000000000030000104030370000000000000000          090000000000000000                                                  000000000000250060101                     
1040001300012U 06000000000000000000000000000000000000000000000000000000000000000000000030000000000000030000000000000000000000000000000000050720170607201700000607201700000000000000000000000000000000000000000000000000000000000000000000       
1040001300013T 060000002730070000000   240000000000155423100000000000000005072017000000000011800237002420000000000000000          090000000000000000                                                  000000000000250040101                     
1040001300014U 06000000000000000000000000000000000000000000000000000000000000000000000011800000000000011800000000000000000000000000000000050720170607201700000607201700000000000000000000000000000000000000000000000000000000000000000000       
1040001300015T 060000002730070000000   240000000000164333100000000000000005072017000000000105000756030610000000000000000          090000000000000000                                                  000000000000250040101                     
1040001300016U 06000000000000000000000000000000000000000000000000000000000000000000000105000000000000105000000000000000000000000000000000050720170607201700000607201700000000000000000000000000000000000000000000000000000000000000000000       
1040001300017T 060000002730070000000   240000000000164341100000000000000005072017000000000027930756030610000000000000000          090000000000000000                                                  000000000000250040101                     
1040001300018U 06000000000000000000000000000000000000000000000000000000000000000000000027930000000000027930000000000000000000000000000000050720170607201700000607201700000000000000000000000000000000000000000000000000000000000000000000       
1040001300019T 060000002730070000000   240000000000143522100000000000000005072017000000000015000756030550000000000000000          090000000000000000                                                  000000000000250040101                     
1040001300020U 06000000000000000000000000000000000000000000000000000000000000000000000015000000000000015000000000000000000000000000000000050720170607201700000607201700000000000000000000000000000000000000000000000000000000000000000000       
1040001300021T 060000002730070000000   240000000000165216100000000000000005072017000000000021200001048340000000000000000          090000000000000000                                                  000000000000250040101                     
1040001300022U 06000000000000000000000000000000000000000000000000000000000000000000000021200000000000021200000000000000000000000000000000050720170607201700000607201700000000000000000000000000000000000000000000000000000000000000000000       
1040001300023T 060000002730070000000   240000000000165399100000000000000005072017000000000030000104030370000000000000000          090000000000000000                                                  000000000000250060101                     
1040001300024U 06000000000000000000000000000000000000000000000000000000000000000000000030000000000000030000000000000000000000000000000000050720170607201700000607201700000000000000000000000000000000000000000000000000000000000000000000       
1040001300025T 060000002730070000000   240000000000165704100000000000000005072017000000000015000756030610000000000000000          090000000000000000                                                  000000000000250040101                     
1040001300026U 06000000000000000000000000000000000000000000000000000000000000000000000015000000000000015000000000000000000000000000000000050720170607201700000607201700000000000000000000000000000000000000000000000000000000000000000000       
1040001300027T 060000002730070000000   240000000000165712100000000000000005072017000000000003990756030610000000000000000          090000000000000000                                                  000000000000250040101                     
1040001300028U 06000000000000000000000000000000000000000000000000000000000000000000000003990000000000003990000000000000000000000000000000050720170607201700000607201700000000000000000000000000000000000000000000000000000000000000000000       
1040001300029T 060000002730070000000   240000000000169360100000000000000013072017000000000023400104012980000000000000000          090000000000000000                                                  000000000000250020101                     
1040001300030U 06000000000000000000000000000000000000000000000000000000000000000000000023400000000000023400000000000000000000000000000000050720170607201700000607201700000000000000000000000000000000000000000000000000000000000000000000       
1040001300031T 060000002730070000000   240000000000175009100000000000000010072017000000000010890033041720000000000000000          090000000000000000                                                  000000000000250040101                     
1040001300032U 06000000000000000000000000000000000000000000000000000000000000000000000010890000000000010890000000000000000000000000000000050720170607201700000607201700000000000000000000000000000000000000000000000000000000000000000000       
1040001300033T 060000002730070000000   240000000000175637100000000000000005072017000000000015000756019140000000000000000          090000000000000000                                                  000000000000250040101                     
1040001300034U 06000000000000000000000000000000000000000000000000000000000000000000000015000000000000015000000000000000000000000000000000050720170607201700000607201700000000000000000000000000000000000000000000000000000000000000000000       
1040001300035T 060000002730070000000   240000000000175645100000000000000005072017000000000015000756019140000000000000000          090000000000000000                                                  000000000000250040101                     
1040001300036U 06000000000000000000000000000000000000000000000000000000000000000000000015000000000000015000000000000000000000000000000000050720170607201700000607201700000000000000000000000000000000000000000000000000000000000000000000       
1040001300037T 060000002730070000000   240000000000175653100000000000000005072017000000000015000756019140000000000000000          090000000000000000                                                  000000000000250040101                     
1040001300038U 06000000000000000000000000000000000000000000000000000000000000000000000015000000000000015000000000000000000000000000000000050720170607201700000607201700000000000000000000000000000000000000000000000000000000000000000000       
1040001300039T 060000002730070000000   240000000000151630100000000000000005072017000000000010000104012980000000000000000          090000000000000000                                                  000000000000250020101                     
1040001300040U 06000000000000000000000000000000000000000000000000000000000000000000000010000000000000010000000000000000000000000000000000050720170607201700000607201700000000000000000000000000000000000000000000000000000000000000000000       
1040001300041T 060000002730070000000   240000000000097016100000000000000005072017000000000010000104048050000000000000000          090000000000000000                                                  000000000000250020101                     
1040001300042U 06000000000000000000000000000000000000000000000000000000000000000000000010000000000000010000000000000000000000000000000000050720170607201700000607201700000000000000000000000000000000000000000000000000000000000000000000       
1040001300043T 060000002730070000000   240000000000140639100000000000000005072017000000000015000341043110000000000000000          090000000000000000                                                  000000000000250040101                     
1040001300044U 06000000000000000000000000000000000000000000000000000000000000000000000015000000000000015000000000000000000000000000000000050720170607201700000607201700000000000000000000000000000000000000000000000000000000000000000000       
1040001300045T 060000002730070000000   240000000000142895100000000000000005072017000000000015000756033490000000000000000          090000000000000000                                                  000000000000250040101                     
1040001300046U 06000000000000000000000000000000000000000000000000000000000000000000000015000000000000015000000000000000000000000000000000050720170607201700000607201700000000000000000000000000000000000000000000000000000000000000000000       
1040001300047T 060000002730070000000   240000000000078828100000000000000005072017000000000017000001017520000000000000000          090000000000000000                                                  000000000000250040101                     
1040001300048U 06000000000000000000000000000000000000000000000000000000000000000000000017000000000000017000000000000000000000000000000000050720170607201700000607201700000000000000000000000000000000000000000000000000000000000000000000       
1040001300049T 060000002730070000000   240000000000079085100000000000000005072017000000000010000756019140000000000000000          090000000000000000                                                  000000000000250040101                     
1040001300050U 06000000000000000000000000000000000000000000000000000000000000000000000010000000000000010000000000000000000000000000000000050720170607201700000607201700000000000000000000000000000000000000000000000000000000000000000000       
1040001300051T 060000002730070000000   240000000000079816100000000000000010072017000000000007500104007920000000000000000          090000000000000000                                                  000000000000250020101                     
1040001300052U 06000000000000000000000000000000000000000000000000000000000000000000000007500000000000007500000000000000000000000000000000050720170607201700000607201700000000000000000000000000000000000000000000000000000000000000000000       
1040001300053T 060000002730070000000   240000000000083678100000000000000005072017000000000010000104007950000000000000000          090000000000000000                                                  000000000000250020101                     
1040001300054U 06000000000000000000000000000000000000000000000000000000000000000000000010000000000000010000000000000000000000000000000000050720170607201700000607201700000000000000000000000000000000000000000000000000000000000000000000       
1040001300055T 060000002730070000000   240000000000089820100000000000000005072017000000000030000756050040000000000000000          090000000000000000                                                  000000000000250040101                     
1040001300056U 06000000000000000000000000000000000000000000000000000000000000000000000030000000000000030000000000000000000000000000000000050720170607201700000607201700000000000000000000000000000000000000000000000000000000000000000000       
1040001300057T 060000002730070000000   240000000000098918100000000000000005072017000000000030000104022340000000000000000          090000000000000000                                                  000000000000250060101                     
1040001300058U 06000000000000000000000000000000000000000000000000000000000000000000000030000000000000030000000000000000000000000000000000050720170607201700000607201700000000000000000000000000000000000000000000000000000000000000000000       
1040001300059T 060000002730070000000   240000000000099345100000000000000005072017000000000015000104030370000000000000000          090000000000000000                                                  000000000000250060101                     
1040001300060U 06000000000000000000000000000000000000000000000000000000000000000000000015000000000000015000000000000000000000000000000000050720170607201700000607201700000000000000000000000000000000000000000000000000000000000000000000       
1040001300061T 060000002730070000000   240000000000099191100000000000000005072017000000000015000104030370000000000000000          090000000000000000                                                  000000000000250060101                     
1040001300062U 06000000000000000000000000000000000000000000000000000000000000000000000015000000000000015000000000000000000000000000000000050720170607201700000607201700000000000000000000000000000000000000000000000000000000000000000000       
1040001300063T 060000002730070000000   240000000000102427100000000000000005072017000000000015000237002420000000000000000          090000000000000000                                                  000000000000250040101                     
1040001300064U 06000000000000000000000000000000000000000000000000000000000000000000000015000000000000015000000000000000000000000000000000050720170607201700000607201700000000000000000000000000000000000000000000000000000000000000000000       
1040001300065T 060000002730070000000   240000000000100033100000000000000010072017000000000015000237002420000000000000000          090000000000000000                                                  000000000000250040101                     
1040001300066U 06000000000000000000000000000000000000000000000000000000000000000000000015000000000000015000000000000000000000000000000000050720170607201700000607201700000000000000000000000000000000000000000000000000000000000000000000       
1040001300067T 060000002730070000000   240000000000100785100000000000000005072017000000000010000104007950000000000000000          090000000000000000                                                  000000000000250070101                     
1040001300068U 06000000000000000000000000000000000000000000000000000000000000000000000010000000000000010000000000000000000000000000000000050720170607201700000607201700000000000000000000000000000000000000000000000000000000000000000000       
1040001300069T 060000002730070000000   240000000000105531100000000000000005072017000000000007500104007950000000000000000          090000000000000000                                                  000000000000250020101                     
1040001300070U 06000000000000000000000000000000000000000000000000000000000000000000000007500000000000007500000000000000000000000000000000050720170607201700000607201700000000000000000000000000000000000000000000000000000000000000000000       
1040001300071T 060000002730070000000   240000000000119664100000000000000005072017000000000015000104007920000000000000000          090000000000000000                                                  000000000000250020101                     
1040001300072U 06000000000000000000000000000000000000000000000000000000000000000000000015000000000000015000000000000000000000000000000000050720170607201700000607201700000000000000000000000000000000000000000000000000000000000000000000       
1040001300073T 060000002730070000000   240000000000122320100000000000000005072017000000000015000756033490000000000000000          090000000000000000                                                  000000000000250040101                     
1040001300074U 06000000000000000000000000000000000000000000000000000000000000000000000015000000000000015000000000000000000000000000000000050720170607201700000607201700000000000000000000000000000000000000000000000000000000000000000000       
1040001300075T 060000002730070000000   240000000000127110100000000000000005072017000000000029500756019140000000000000000          090000000000000000                                                  000000000000250040101                     
1040001300076U 06000000000000000000000000000000000000000000000000000000000000000000000029500000000000029500000000000000000000000000000000050720170607201700000607201700000000000000000000000000000000000000000000000000000000000000000000       
1040001300077T 060000002730070000000   240000000000140116100000000000000005072017000000000007500756033490000000000000000          090000000000000000                                                  000000000000250040101                     
1040001300078U 06000000000000000000000000000000000000000000000000000000000000000000000007500000000000007500000000000000000000000000000000050720170607201700000607201700000000000000000000000000000000000000000000000000000000000000000000       
1040001300079T 060000002730070000000   240000000000140191100000000000000005072017000000000015000001004580000000000000000          090000000000000000                                                  000000000000250040101                     
1040001300080U 06000000000000000000000000000000000000000000000000000000000000000000000015000000000000015000000000000000000000000000000000050720170607201700000607201700000000000000000000000000000000000000000000000000000000000000000000       
10400015         00008200000000000000000000000000000000000000000000000000000000000000000000000000000000000000000000                                                                                                                             
10499999         000001000084                                                                                                                                                                                                                   
